3109 4950
739 208 744 260 l

472 376 756 447 nistoltttlttltt
786 380 828 443 ιι.
847 376 900 451 no.
1164 340 1245 431 123

161 540 216 611 διν
245 526 447 615 άπέκτεινακ,
483 534 539 597 καῖ
560 526 692 607 πολλούς
714 532 777 596 τοῖν
803 524 874 595 ὅσοι
898 525 1112 614 ὄμογνολμονες
1140 526 1281 615 sums.
1295 540 1323 594 c.
1339 538 1391 610 ast

163 636 337 722 ἐτύγχανον
358 626 465 715 όντες,
493 632 537 709 οδς
554 632 610 697 οδκ
631 630 699 713 ἐξόν
719 638 785 710 τοῖς
803 628 915 714 μάγοις
933 632 978 717 τῷ
992 628 1141 716 βασιλείῳ
1157 615 1306 715 θοόιαριι
1318 615 1354 667 ²⁸

161 738 392 823 ἕνοόραῖζεσθαι
416 730 473 797 καῖ
493 729 623 811 ἱζάνειν.
652 724 732 794 odam
754 734 790 796 di
812 731 919 806 αύτοῖς
943 724 979 794 οό
1005 725 1116 813 μιαροί
1139 725 1251 804 ἔδοξαν

162 830 245 901 εἶναι
269 830 298 897 οἱ
324 829 434 919 φόνοι,
470 832 590 913 μάλλον
610 832 671 912 μὲν
690 822 751 894 σύν
772 830 828 893 καί
841 830 982 910 μείζονος
1007 819 1089 904 άξιοι
1110 822 1233 909 μνήμης
1239 837 1284 906 ,Β

146 928 245 1011 fidere
265 933 375 1014 ἀμέλει
388 929 446 1015 τὴν
463 925 572 995 στάσιν
588 927 708 1013 ἐκείνην
728 926 920 1014 Μαγοφόνια
937 923 1051 1013 ἑορτὴν
1066 924 1245 1009 όνσμασθῆ-
1251 925 1323 997 llis

164 1055 236 1113 ναι,
265 1028 321 1094 καί
344 1030 462 1105 θυσίας
479 1030 692 1092 ἐπιτελεῖσθαι
710 1026 941 1112 χαριστηρίους.
978 1027 1037 1090 νῦν
1060 1026 1095 1088 δὲ
1118 1025 1252 1102 τιμῶσιν

165 1127 280 1205 αύτούς
297 1122 432 1202 άπαντες
449 1127 505 1190 καί
517 1122 747 1211 όπεράγανται,
768 1126 825 1189 καί
838 1122 876 1188 τά
891 1147 925 1188 τε
940 1122 1029 1188 κοινοὶ
1046 1130 1116 1198 ταῖς
1134 1119 1250 1185 τούτων

164 1232 295 1312 βουλαῖς
313 1226 368 1289 καί
387 1221 629 1309 προαγορεύσεσι
651 1218 862 1306 διατάττεται,
889 1226 945 1286 καί
966 1220 1033 1311 ἰδάη
1056 1216 1253 1307 ἑκάστηντῶν

164 1320 425 1408 συμβαλλόντων,
446 1315 467 1407 ἢ
486 1324 574 1407 δίκην
588 1321 792 1406 λαγχάνουσι,
813 1324 998 1409 ἐφίστανται
1015 1312 1251 1392 διασκσιωόντες

130 1420 208 1489 torci
224 1420 415 1503 ποιούμενα,
445 1423 501 1485 καί
511 1420 734 1507 ἕπικρίνοντες,
762 1421 818 1485 καί
831 1414 923 1485 οόδὲν
942 1417 1045 1485 ότισῦν
1060 1415 1146 1503 παρά
1160 1419 1251 1501 Πέρ-

165 1544 239 1596 σαις
255 1520 371 1597 δόξειεν
388 1513 426 1584 άν
442 1516 571 1601 ἕννομόν
586 1542 621 1583 τε
641 1515 722 1587 εἶναι
739 1521 794 1585 καί
809 1520 946 1604 δίκαιον,
977 1512 1029 1601 όγε
1051 1514 1096 1602 μὴ
1109 1512 1172 1579 ὑπὸ
1188 1512 1252 1597 μά-

2 1628 4 1645 '
165 1640 223 1703 γον
241 1616 445 1703 ἐμπεδωθείη.

99 1732 101 1737 ·
195 1754 197 1761 ,
250 1713 299 1795 ιζ.
315 1718 455 1801 Λέγεται
472 1716 507 1780 δὲ
520 1714 576 1803 τόν
592 1718 653 1782 rori
673 1710 874 1805 Ἀρταξάρου
891 1717 1013 1803 μητέρα
1030 1716 1169 1801 nestro
1188 1713 1254 1776 τινί

165 1818 391 1903 ξυνφκηκέναι,
428 1814 610 1881 παντάπασι
638 1818 698 1897 μὲν
718 1815 904 1905 άσημοτάτφ
925 1818 980 1880 καῖ
997 1810 1174 1901 σκυτοτόμῳ
1193 1808 1252 1895 τὴν

168 2011 284 2102 ῥηιδίως
305 2010 345 2075 τά
363 2007 494 2095 ἐσόμενα
514 2015 762 2080 διασκοπεῖσθαι·
797 2007 899 2100 ἄνδρα
916 2015 951 2079 δὲ
968 2009 1164 2097 στρατιώτην
1185 2006 1250 2073 Σά-

166 2132 265 2174 σανσν
280 2101 398 2193 όνσμα,
419 2108 472 2174 διό
491 2113 545 2195 τῆς
558 2113 783 2195 Καδσσσαίων,
804 2108 886 2177 οὕτω
902 2111 1099 2193 ξυνενεχθὲν,
1120 2106 1252 2193 πορευό-

166 2232 261 2291 μενον
277 2209 402 2295 χώρας,
424 2210 656 2297 ἕπιξενωθῆναί
665 2235 699 2277 τε
719 2214 764 2301 τῷ
781 2214 940 2299 Παβέκηι,
962 2210 1017 2274 καί
1029 2212 1062 2286 ἐς
1077 2205 1114 2273 τό
1130 2209 1249 2271 ἐκείνου

168 2305 327 2389 δωμάτιον
350 2310 564 2394 καταχθῆναι·
589 2307 641 2375 τόν
664 2314 700 2375 δὲ
729 2311 885 2402 ότφδησόν
915 2306 1037 2397 τρόπῳ,
1052 2304 1106 2373 άτε
1113 2359 1123 2388 ,
1142 2300 1230 2387 οἶμαι
1237 2356 1248 2386 ,

125 2406 297 2491 νομάντιν,
326 2405 491 2491 ἐπιγνόντα
510 2404 587 2495 cirri
608 2411 663 2475 τσῦ
682 2413 771 2488 ξένου
796 2408 869 2494 γονὴ
894 2409 1006 2497 ἀρίστη
1031 2432 1064 2473 τε
1087 2405 1174 2470 ἔσται
1194 2402 1250 2467 καῖ

166 2502 331 2596 άρίδηλσς,
344 2561 348 2572 ,
361 2507 416 2572 καί
429 2506 484 2572 ε’πί
496 2510 578 2594 μέγα
596 2507 798 2596 εὐδαιμονίας
815 2508 973 2597 χωρήσει,
1003 2505 1109 2572 άλόειν
1125 2507 1184 2589 μὲν
1196 2503 1252 2570 καί

236 2669 262 2708 a.
280 2650 344 2716 ἐξόν
361 2653 391 2702 R.
486 2653 600 2720 βασιλεῖ
616 2654 700 2724 Lugd.
807 2652 892 2724 susp
910 2656 958 2717 lt,
974 2649 1055 2720 θάκφ
1073 2651 1143 2719 vulg.
1222 2651 1247 2701 ἃ

234 2719 524 2866 ξρρῖοιχρρεειηρερριὲ,
542 2725 624 2796 Intpr.
640 2722 890 2797 praedictionibus,
908 2721 1158 2794 προσαγοσεύσεσι
1176 2719 1247 2790 vulg.

170 2946 341 3013 sententiae3
360 2945 433 3016 quod
448 2945 488 2998 ias
510 2963 567 3000 uon
585 2952 656 2999 esset
672 2947 756 3016 magis
772 2947 877 3016 regium
898 2945 996 2997 solium
1017 2947 1142 2997 affectare
1165 2945 1247 3014 eique

166 3014 295 3081 insidere,
314 3024 473 3088 tantumque
491 3017 598 3079 abluit,
613 3025 643 3068 ut
654 3019 805 3086 piaculares
819 3018 882 3068 illae
900 3015 995 3067 caedes
1007 3016 1072 3082 ipsis
1091 3016 1148 3065 sint
1163 3017 1248 3077 visae,

166 3093 199 3137 nt
213 3089 305 3154 potius
321 3087 401 3138 etiam
413 3089 514 3140 maiore
531 3088 662 3140 memoria
679 3087 772 3156 dignas
794 3086 958 3148 iudicarint,
978 3092 1064 3153 utque
1085 3083 1248 3134 seditionem

167 3157 244 3207 illam
261 3157 362 3208 festum
375 3159 498 3210 vocarint
509 3157 682 3228 μαγοφόνια
700 3158 812 3219 dictum,
828 3157 881 3208 hoc
895 3164 937 3207 est
953 3170 1090 3223 magorum
1105 3152 1210 3213 caedes,
1219 3161 1248 3203 et

168 3225 298 3277 sacrificia
306 3226 359 3278 diis
366 3235 415 3296 pio
425 3230 568 3298 gratiarum
582 3228 688 3278 actione
696 3228 875 3278 instituerint,
895 3224 973 3276 Nunc
986 3241 1049 3275 vero
1064 3223 1136 3292 magi
1152 3239 1245 3273 omnes

127 3334 129 3338 .
167 3293 199 3346 in
218 3313 321 3348 summo
334 3298 408 3366 apud
424 3315 469 3350 eos
488 3306 551 3350 sunt
571 3297 675 3349 honore
696 3315 727 3348 ac
748 3297 940 3357 veneratione,
964 3294 1131 3364 publicaque
1154 3294 1248 3345 omnis

169 3380 265 3416 eorum
280 3368 402 3420 consiliis
437 3368 707 3438 raedictionibusque
723 3367 964 3427 administrantur,
983 3374 1011 3417 et
1024 3363 1172 3434 unicuique
1187 3364 1248 3430 pri-

166 3435 262 3499 ·vatim,
280 3453 349 3508 quae
364 3436 399 3489 ad
409 3385 497 3490 dicam
513 3455 674 3510 causamque
692 3455 768 3489 suam
778 3437 926 3506 pertinent,
939 3433 1104 3496 intentanti,
1120 3441 1251 3502 praesunt

170 3506 253 3574 magi,
274 3507 322 3577 qui
337 3517 500 3578 cognoscant
523 3511 591 3582 quid
614 3517 725 3578 agatur,
751 3515 779 3559 et
801 3505 945 3560 arbitrium
967 3523 1045 3556 suum
1059 3507 1250 3573 interponant3

166 3591 261 3647 neque
284 3578 430 3648 quicquam
448 3581 560 3634 omnino
582 3581 667 3633 Persis
690 3577 800 3631 videtur
820 3579 972 3650 legitimum
992 3594 1050 3629 esse
1073 3583 1101 3626 et
1116 3589 1244 3644 aequum,

163 3645 244 3715 ‘quod
257 3662 311 3697 non
324 3667 339 3700 a
353 3665 430 3719 mago
452 3651 638 3702 confirmatum
655 3649 861 3719 stabilitumque
875 3648 966 3699 fuerit
1275 3703 1279 3712 ,

241 3731 282 3784 νγ.
317 3719 414 3771 Fertur
427 3722 511 3771 etiam
525 3720 648 3773 Artaxari
661 3729 746 3772 mater
760 3721 865 3771 Pabeco
878 3717 985 3770 cuidam
1009 3715 1147 3782 nupsisse,
1165 3715 1246 3783 igno-

166 3785 221 3838 bili
235 3787 316 3854 plane
329 3787 448 3854 homini,
462 3791 582 3844 ‘coriario
599 3792 703 3844 scilicet
716 3792 772 3842 sive
787 3791 882 3852 sutori,
918 3788 1063 3839 eritissimo
1077 3792 1167 3836 tamen
1181 3801 1245 3835 eur—

167 3871 212 3908 sus
229 3863 372 3924 astrorum,
392 3863 496 3932 quique
505 3863 584 3915 facile
600 3864 691 3914 lutura
705 3863 882 3930 prospiceret.
897 3807 996 3909 Elirum
1005 3863 1096 3906 autem
1107 3853 1246 3927 quendam

168 3926 326 3992 militarem,
343 3931 456 3982 nomine
469 3931 610 3996 saranum,
627 3949 677 4003 per
690 3932 893 3984 Caducaeornm
906 3927 1043 3996 regionem
1053 3926 1123 3976 sorte
1136 3926 1246 3978 fortuna

166 3995 220 4048 iter
230 3996 393 4062 facientem,
415 4001 488 4070 apud
504 4003 636 4055 Pabecum
654 4000 774 4071 hospitio
791 4007 933 4069 exceptum
950 3998 1021 4049 etin
1036 3996 1111 4046 illius
1127 3995 1244 4047 domun-

158 4067 228 4130 cula
243 4069 408 4137 divertisset
418 4069 493 4122 hunc
506 4087 570 4124 vero
587 4084 750 4144 quocunque
763 4068 876 4122 tandem
893 4066 975 4118 modo
992 4064 1164 4137 (crediderim
1172 4073 1245 4117 certe

165 4143 198 4189 ut
210 4137 321 4217 vatem),
340 4156 402 4192 eum
416 4141 596 4210 praevidisset
611 4155 685 4204 eum,
703 4142 751 4212 qui
767 4158 800 4191 ex
814 4137 923 4206 hospite
939 4137 987 4188 illo
1006 4137 1167 4207 gigneretur,
1185 4136 1244 4185 fore

165 4209 334 4276 praeclarum
359 4211 532 4286 maximeque
544 4211 678 4264 illustrem
697 4217 725 4262 et
750 4209 785 4261 ad
799 4225 934 4262 summum
951 4207 1089 4264 felicitatis
1106 4206 1145 4257 las
1188 4205 1243 4252 'um

167 4289 322 4351 mmmm,
341 4278 461 4337 doluisse
480 4280 594 4356 apsidem
610 4289 639 4336 et
658 4281 796 4338 termnum
814 4295 891 4335 mam
911 4274 1152 4351 deploraremus
1189 4271 1243 4327 ibi
