3109 4950
492 345 775 414 rrrsroauuuu
795 353 850 414 111.
872 356 922 423 u.
1142 347 1144 351 ·
1197 321 1274 408 εδδ

193 503 269 568 ου’δὲ
281 503 371 567 τοῦτο
389 502 479 583 λάβοι
494 527 543 577 τις
564 494 606 566 άν
620 496 727 588 ὥσπερ
746 497 895 585 ἑπόμενον
912 503 956 590 τῷ
973 501 1053 590 λόγῳ
1073 499 1131 596 ταί
1156 523 1276 586 συνημ-
1287 521 1316 574 Α,
1327 521 1357 573 c.
1373 513 1425 590 554

191 603 295 683 μένον,
322 599 376 681 τός,
395 600 523 666 ἐκείνων
543 600 848 686 παρανομησάντων,
872 600 978 684 δεήσει
997 597 1149 686 καίῆμάς
1163 593 1215 666 τά.
1229 593 1312 665 σι’-1·
1332 593 1353 644 ¹·
1370 594 1405 644 ’ὅ

191 709 260 763 κεῖα
270 695 388 781 νόμιμα
406 703 656 786 καταπροέσθαι·
675 701 751 768 οὐδὲ
767 702 812 778 τός
823 702 967 778 ἀπίστοις
977 704 1036 783 μὲν
1049 699 1163 775 ἀὐτοῖς
1179 692 1280 782 άχθε-

191 803 287 879 σθαι,
309 802 532 884 παραπλησίαν
550 802 586 864 δὲ
604 799 784 886 κτήσασθαι
805 798 908 880 δόξαν.
935 803 991 867 νῢν
1007 795 1067 884 γάρ
1087 799 1125 861 οδ
1141 794 1176 862 τό
1193 793 1279 883 φθά-

170 903 250 966 tear
270 896 327 961 καί
342 899 566 981 διηνυσμένον,
596 903 652 965 καί
667 900 774 965 οόκέτι
795 897 854 986 την
868 904 925 966 τοῦ
936 897 980 985 μη’
1004 898 1161 983 γεγονέναι
1182 894 1281 982 φύσιν

189 994 427 1079 ἐπιδεχόμενον,
456 1000 698 1082 οἷναλογιζεσθαι
714 997 789 1085 χρὴ,
819 999 863 1075 τός
886 995 926 1065 do
947 997 1005 1083 μή,
1022 995 1135 1085 σόντῷ
1153 1000 1279 1076 θυμου-

189 1099 275 1184 μένῳ
300 1099 358 1180 τῆς
383 1099 493 1180 ψυχῆς
513 1101 568 1163 καί
587 1100 812 1181 χαλεπαίνοντι
842 1099 1088 1182 βουλευόμενοι,
1125 1092 1285 1174 λάθοιμεν,

189 1189 326 1270 ἓαυτοάς
342 1192 380 1257 τό
398 1204 505 1279 κρῖνον
518 1200 759 1278 έπιθολοῦντες,
788 1201 843 1263 καί
856 1195 913 1283 τὴν
934 1200 994 1262 τοῦ
1009 1194 1170 1276 ἀμείνονος
1190 1189 1280 1278 εόρε-

190 1315 243 1357 σιν
266 1296 536 1381 προαφηρημίνοι·
566 1293 646 1360 άλλά
670 1285 806 1377 τοῦμὲν
828 1296 956 1370 πάθους
981 1291 1127 1380 ὑφελεῖν,
1155 1289 1281 1356 εἷσόσον

153 1390 235 1477 τομὴ
261 1394 365 1456 δοκεῖν
382 1393 588 1477 η’μεληκέναι,
616 1392 768 1479 πρόνοιαν
793 1397 828 1460 δέ
845 1398 907 1460 τῶν
930 1397 1007 1476 γοῦν
1028 1395 1145 1457 λοιπῶν
1163 1393 1281 1456 θέσθαι

190 1489 395 1575 πραγμάτων,
414 1487 499 1566 ὅπως
508 1485 623 1578 άριστα
638 1494 822 1582 καθεστὴξη.
843 1491 984 1577 ἀνοήτων
997 1495 1057 1572 μὲν
1075 1488 1136 1576 γάρ
1155 1489 1279 1573 ἀνδρῶν
1289 1493 1317 1546 P·
1335 1487 1371 1546 86

191 1587 247 1654 ἐπί
266 1600 332 1664 τοῖς
355 1595 597 1678 παρῳχημέναις
614 1595 720 1668 κακοῖς
746 1587 933 1676 ἀγανακτεῖν
962 1594 1061 1676 μέχρι
1085 1583 1207 1662 παντός
1226 1585 1283 1650 καί

191 1687 362 1777 α’νιηῖσθαι,
391 1690 569 1777 σωφρόνων
593 1693 629 1756 δὲ
648 1688 708 1767 τάς
732 1691 886 1766 ἀτάκτους
907 1687 1007 1776 ῥοπάς
1026 1685 1208 1776 γιγνώσκειν
1225 1688 1281 1768 τῆς

190 1787 307 1870 τόχης,
335 1789 474 1864 καὶτοῖς
487 1794 679 1873 μεταβολαῖς
692 1785 736 1874 μή
753 1789 982 1876 ταράττεσθαι,
1009 1789 1100 1873 μηδὲ,
1120 1789 1185 1850 τῶν
1202 1806 1280 1869 προ-

154 1884 292 1968 ιότέρων
312 1887 557 1971 ἐστερημένους,
586 1891 834 1975 συνδιαφθεῖραι
851 1887 906 1954 καί
930 1885 988 1964 τάς
1011 1889 1075 1952 τῶν
1100 1879 1282 1966 μελλόντων

194 1982 337 2058 ε’λπίδας.
1248 2061 1251 2068 .

195 2111 199 2117 ⁴
276 2082 327 2164 ιβ.
374 2080 526 2162 „Mitt
552 2087 614 2164 μὲν
636 2085 818 2169 σύμβουλος
842 2083 939 2150 πάλαι
953 2084 992 2150 τά
1010 2081 1138 2168 Μήδων
1156 2078 1285 2168 φρυκτόν

193 2178 250 2244 καί
260 2183 414 2268 μεθοστᾷν
428 2180 516 2267 ἡμᾶς
535 2182 586 2246 ἔπ’
601 2182 739 2258 ἐκείνους
754 2179 956 2267 γλιχόμενος,
977 2179 1207 2270 μορμολόπειν
1223 2204 1282 2242 κα-

192 2279 298 2365 θάπερ
322 2277 401 2354 τοός
420 2284 539 2357 παῖδας
558 2284 725 2366 πειρᾶται,
755 2279 800 2358 ιός
826 2281 864 2367 δὴ
883 2293 949 2358 τοῖς
972 2281 1141 2362 Ῥωμαίοις
1163 2273 1201 2340 σά
1219 2279 1283 2342 τῶν

150 2379 431 2462 ὀτετολμημένων
453 2373 720 2466 άποχρησόντων,
751 2379 833 2447 attat
853 2378 1008 2464 μειζόνων
1032 2377 1283 2463 προσεσομένων

192 2479 248 2540 καί
267 2476 311 2551 ὥς
334 2475 516 2559 όβασιλεδς
535 2481 649 2556 αδτοϊς
672 2478 955 2566 καινουργότατος,
984 2477 1041 2545 καί
1064 2473 1104 2543 τά
1121 2479 1178 2560 τῆς
1193 2496 1283 2556 μιαι-

193 2577 306 2661 φονίας
320 2575 417 2652 αότός
430 2575 690 2660 ἐγκελευσάμενος
710 2574 758 2664 εἴη
770 2632 780 2661 ,
802 2582 1006 2643 σπουδασθὲν
1020 2580 1055 2643 ἐκ
1070 2574 1214 2657 πλεάντου
1231 2571 1286 2637 καί
1292 2588 1312 2637 e

261 2685 287 2740 6.
308 2680 463 2739 odramR.
499 2676 1031 2761 19055th.Lugd.(0t)‚atcate‹1‹l.
1062 2682 1283 2755 τανταρεσομί-

264 2770 323 2807 νων
340 2757 369 2807 n.
423 2772 464 2809 ar.
482 2756 594 2809 Mallem
610 2758 862 2829 πανουργότατοςι
882 2760 915 2811 cl.-
933 2776 960 2829 p.
982 2760 1038 2815 156.
1060 2756 1100 2809 ed.
1118 2759 1203 2809 Boun.
1220 2771 1243 2804 v.
1258 2754 1282 2807 5.

195 2847 305 2915 tamen,
338 2856 503 2911 quamquam
525 2844 565 2895 ita
590 2860 650 2895 sum
673 2849 804 2909 affectus,
840 2846 875 2899 ad
900 2848 990 2899 Persas
1015 2845 1131 2897 transire
1155 2842 1281 2912 expedit3

195 2924 287 2980 neque
314 2913 458 2981 quisquam
484 2910 537 2963 hoc
567 2914 607 2964 lta
638 2915 755 2984 accipiat
776 2924 907 2985 tanquam
940 2923 1149 2973 consectaneum
1180 2912 1282 2965 rationi

195 2988 226 3031 et
249 2995 401 3042 annexum,
430 2979 520 3049 quod,
547 2984 612 3049 qnia
639 2981 683 3034 illi
707 2986 781 3053 leges
805 2986 1013 3054 proculcarunt,
1046 2992 1172 3051 oporteat
1197 2984 1282 3033 etiam

193 3066 245 3102 nos
264 3050 361 3118 patriis
378 3050 514 3103 institutis
530 3052 700 3116 valedicere,
717 3072 809 3124 neque
827 3057 893 3123 ipsis
917 3054 1029 3125 quidem
1055 3062 1087 3103 ut
1103 3051 1215 3119 perfidis
1237 3052 1282 3101 in-

194 3121 286 3173 fensos
305 3130 373 3183 esse,
391 3119 507 3171 eandem
522 3136 587 3173 vero
606 3140 687 3191 quam
705 3122 759 3191 ipsi
778 3126 937 3193 opinionem
952 3134 1055 3176 tenere.
1093 3120 1189 3189 Neque
1208 3122 1282 3170 enirn

194 3207 268 3241 nunc
286 3189 335 3252 id,
353 3189 428 3261 quod
440 3192 620 3259 praeteritum
644 3201 837 3262 peractumque
862 3203 905 3245 est
923 3194 1109 3259 inlectumque
1128 3189 1205 3240 reddi
1224 3206 1281 3239 non

194 3268 296 3327 potest,
322 3268 449 3383 reputare
473 3268 599 3328 oportet,
636 3278 672 3312 ne
694 3262 827 3315 videlicet
846 3266 937 3315 animo
968 3262 1009 3311 ira
1036 3258 1280 3329 indignationeque

196 3346 323 3383 succenso
367 3331 551 3394 eliberantes,
575 3330 761 3399 imprudenter
793 3333 927 3385 iudicium
945 3336 1068 3383 nostrum
1092 3330 1280 3389 obfuscemus,

196 3400 311 3450 sanioris
332 3403 502 3472 potiorisque
517 3402 626 3453 consilii
644 3402 831 3454 inventionem
847 3402 928 3455 nobis
946 3400 1157 3471 praeripientes;
1175 3396 1223 3450 sed
1242 3400 1279 3449 ito

196 3467 251 3519 lroc
267 3470 337 3521 malo
358 3473 447 3536 sllicl,
465 3479 498 3523 ut
515 3490 573 3523 non
590 3471 741 3541 neglexisse
758 3472 789 3525 id
805 3472 955 3535 videamur,
973 3473 1128 3541 prospicere
1148 3486 1229 3531 vero,
1249 3478 1280 3519 ut

197 3538 319 3605 reliquae
344 3558 386 3593 res
411 3558 492 3612 quam
508 3542 612 3612 optime
636 3544 844 3595 constituantur.
883 3543 1059 3596 Dementiam
1077 3543 1150 3593 enim
1167 3546 1224 3600 est,
1242 3538 1278 3589 ob

197 3608 343 3673 praeterita
359 3613 430 3663 mels
447 3622 581 3681 perpetuo
601 3615 664 3683 angi
681 3622 763 3685 atque
781 3613 946 3679 discruciat
963 3613 1128 3681 sapientium
1145 3625 1219 3671 vero,
1233 3608 1278 3660 in-

198 3676 322 3729 ordinata
340 3678 465 3733 fortunae
481 3688 619 3735 momenta
637 3689 807 3753 cognoscere,
827 3694 856 3737 et
869 3684 1019 3737 mutatione
1035 3679 1279 3748 vicissitudineque

197 3760 289 3799 rerum
308 3765 365 3801 non
381 3754 557 3817 commoveri,
568 3757 681 3823 neque,
705 3755 845 3826 prioribus
862 3756 1000 3826 privatos,
1024 3750 1178 3804 futurorum
1196 3745 1279 3801 etiam

196 3832 274 3887 spem
291 3834 398 3871 omnem
418 3820 544 3875 abiicere.
895 3870 898 3879 ,

270 3905 310 3941 ιτ.
345 3888 401 3941 Sed
423 3888 469 3941 hic
494 3891 605 3960 quidem
633 3893 773 3949 consultor
799 3910 860 3945 cum
883 3888 1044 3945 iamdudum
1068 3888 1206 3941 Persarum
1241 3890 1279 3941 sit

195 3957 349 4020 studiosus,
372 3975 477 4030 nosque
501 3960 538 4011 sd
559 3962 622 4013 illos
645 3963 761 4015 transire
784 3971 925 4031 peroptet,
952 3960 1161 4029 perterrefacere
1178 3976 1228 4011 nos
1248 3966 1280 4009 ut

195 4044 294 4097 pueros
303 4037 436 4091 'conatum
455 4030 530 4100 quod
541 4032 655 4083 Romani
674 4032 719 4093 iis,
738 4049 807 4102 quse
819 4033 874 4083 iam
888 4034 918 4082 in
931 4047 981 4083 nos
998 4029 1056 4083 atui
1067 4039 1138 4093 sunt,
1156 4030 1279 4083 contenti

196 4113 253 4151 non
270 4100 327 4150 sint
350 4098 454 4160 loturi,
477 4098 527 4151 sed
550 4100 729 4152 atrocioribus
747 4102 827 4153 malis
845 4102 984 4165 affecturi,
1002 4100 1130 4171 quodque
1147 4117 1194 4152 rex
1212 4098 1278 4165 ipsis

197 4166 235 4217 sit
263 4184 396 4221 noverum
430 4186 521 4221 rerum
553 4170 781 4233 immotissimus,
821 4170 933 4241 ipseque
964 4180 1057 4224 auctor
1090 4171 1278 4239 impulsorque

142 4278 146 4286 ,
198 4232 283 4291 tuerit
299 4239 391 4294 caedis
409 4240 498 4293 multo
516 4247 598 4292 antes
615 4248 737 4310 tempore
753 4238 921 4309 deliberatae
947 4248 975 4295 et
989 4230 1168 4311 procuratte3
1193 4243 1276 4305 atque
