3109 4950
257 327 264 337 '
328 336 403 423 182
755 364 966 429 suanum

175 514 205 569 Δ.
222 517 250 569 c.
264 510 381 597 tarta,
403 510 465 600 εἴγε
479 513 520 582 οδ
533 518 592 599 μὲν
618 517 662 594 ἀς
681 517 817 602 τάχιστα
843 521 876 596 ἒς
892 519 1032 603 Ἰβηρίαν
1054 514 1312 603 μεταχωρήσεις,
1342 520 1407 603 ἐγώ

224 589 359 680 Η”9δδ
377 597 547 699 ἐλεύσομάι
562 619 596 693 ἒς
611 620 837 703 Μουχειρισιν.
857 613 942 681 οὕτω
965 640 998 679 τε
1021 612 1061 678 τά
1088 618 1123 680 ἐν
1142 615 1219 679 ποσί
1234 618 1405 701 διασκεψά-

321 717 419 795 μεθα.
465 718 522 798 τῆς
546 716 582 779 δὲ
610 714 697 800 νίκης
719 718 794 801 πέρι
819 714 873 781 σοί
905 718 966 795 μὲν
986 715 1100 789 saturo
1127 718 1339 797 μεγαλαυχεῖν
1358 720 1404 805 τῷ

317 809 398 899 λόγῳ
426 808 482 875 καί
496 807 770 895 αάθαδιάζεσθαι,
800 817 857 878 καί
878 816 941 877 τῶν
960 812 1118 897 ἀγοραίων
1146 809 1247 895 αάτῆν
1266 816 1322 877 καί
1339 813 1402 876 ου’-

286 913 474 995 Βθαιρίτων
502 910 649 995 ἡγεῖσθαι
667 913 844 996 κτημάτων·
868 908 929 996 ε’γώ
952 914 988 976 δὲ
1007 909 1063 974 καί
1078 910 1169 975 τοῦτό
1187 935 1271 996 φημι
1287 915 1324 998 τῇ
1341 915 1426 989 spoli

317 1011 492 1092 κρείττονος
514 1008 767 1076 ταλαντεάεσδαι
795 1011 926 1100 γνώμῃ,
955 1008 1013 1075 καί
1038 1008 1077 1074 osi
1099 1006 1186 1094 παρά
1214 1008 1290 1085 sosia
1318 1012 1401 1093 μέγα

315 1100 571 1191 βρενθυομίνους
599 1110 698 1188 ἰέναι,
732 1110 803 1174 ἀλλ’
819 1113 872 1196 ἐφ’
891 1108 948 1187 orig
966 1105 1007 1175 ἀν
1033 1107 1050 1172 o‘
1074 1106 1200 1173 πάντων
1217 1107 1412 1200 προαγωγὸςΙ

317 1204 495 1292 incasura?
536 1200 618 1270 orites
645 1209 680 1273 δὲ
709 1212 770 1271 τοῦ
787 1210 957 1295 Μαρτίνου
975 1203 1181 1294 ἀνδρειότατα
1194 1230 1226 1271 τε
1244 1209 1299 1270 καί
1311 1206 1399 1287 μάλα

317 1301 413 1381 δσίως
442 1298 710 1389 ἀποκριναμένου,
750 1310 807 1372 καί
831 1311 871 1394 τῇ
896 1310 953 1371 τοῦ
976 1302 1142 1391 βαρβάρου
1171 1306 1400 1389 νεμεσήσαντος

316 1402 501 1493 ἀλαζονείᾳ,
524 1399 618 1470 οάδὲν
634 1407 669 1469 δὲ
688 1404 794 1471 ὁτιοῦν
810 1404 967 1492 προελθὸν
992 1406 1166 1489 εἰρηναῖον,
1194 1402 1452 1493 διεκρίθησανεο4

316 1498 371 1567 ἀπ’
389 1501 544 1588 ἀλλήλοιν.
564 1502 619 1567 καί
634 1503 653 1567 o‘
669 1506 728 1586 μὲν
745 1507 778 1580 ἐς
801 1503 837 1570 τὸ
857 1505 1070 1591 στρατόπεδον
1088 1504 1222 1586 ἐπανῆκε
1229 1553 1240 1583 ,
1269 1508 1399 1587 Μαρτῖ-

315 1625 368 1677 νος
391 1603 426 1665 δὲ
443 1604 476 1677 ἐς
499 1600 557 1687 τὴν
576 1606 693 1688 Νῆσον.
714 1607 759 1692 τῷ
785 1608 821 1670 δὲ
842 1590 1039 1690 Ναχοραγάν
1063 1604 1194 1683 μενετία
1211 1605 1270 1683 μὲν
1295 1604 1403 1666 oritoni.

313 1694 424 1784 ἥκιστα
451 1696 569 1783 ἐδόκει,
596 1701 629 1776 ἐς
647 1704 682 1766 δὲ
710 1700 767 1769 τὸν
796 1704 901 1768 Φάσιν
926 1700 984 1787 τὴν
1009 1702 1099 1766 πόλιν
1131 1702 1211 1765 ἰέναι
1236 1703 1397 1783 διενοεῖτο,

313 1801 414 1865 ε’κεῖσί
427 1824 460 1865 τε
478 1800 600 1881 μᾶλλον
612 1801 843 1867 ἐκκαλέσασθαι
862 1800 937 1878 τοδς
950 1798 1138 1883 Ῥωμαίους.
1150 1800 1394 1881 ἐπιμαχώτατον

313 1896 373 1984 γάρ
400 1894 436 1963 τδ
463 1899 563 1987 ἐκείνῃ
590 1897 693 1985 ἔρυμα
723 1896 806 1964 εἶναι
823 1902 1004 1980 ἐπέπυστο,
1036 1895 1092 1962 sias
1118 1896 1157 1981 δὴ
1183 1897 1288 1976 ξύλοις
1315 1895 1439 1967 ἀπανιὸ

291 1998 566 2077 ῦέσκευασμὲνον,
587 1999 643 2062 καί
666 1995 703 2063 roi
723 1996 858 2080 ἐχόμενα
880 2001 973 2063 πεδίοι
996 1996 1139 2077 εάόμαλά
1161 2000 1269 2063 τεκαὶ
1289 1994 1396 2079 ἀγαθά

312 2096 692 2180 ἐνοτρατοπεδεάσασθαι.
713 2088 773 2181 ἤδη
790 2098 825 2160 δὲ
844 2097 865 2181 ἦ
883 2093 1002 2185 ῃόλιςὸ
1018 2095 1131 2175 Φάσις,
1151 2089 1277 2175 ἅπασιν,
1297 2090 1397 2175 οἶμαι,

314 2190 546 2277 διαδηλότατον,
568 2190 611 2269 ἀς
627 2198 662 2257 ἐκ
679 2198 738 2259 τοῦ
754 2190 900 2276 ποταμοά
914 2192 1023 2279 εἶληφε
1037 2191 1093 2277 τὴν
1106 2194 1306 2273 ἐπωνυμίαν,
1318 2198 1398 2277 πλη·

312 2291 464 2355 σιαίτατα
482 2287 711 2379 ἀπορρέοντος,
731 2295 787 2357 καί
810 2293 891 2379 ἀμφ’
911 2287 1009 2376 αὐτὴν
1032 2292 1065 2366 ἐς
1081 2288 1138 2356 τὸν
1157 2282 1306 2367 Εὔξεινον
1321 2291 1398 2354 πόν-

308 2392 362 2458 τον
380 2390 641 2478 ἀπερευγομένου.
671 2388 751 2478 πρὸς
776 2388 837 2477 γάρ
856 2393 901 2478 τῷ
924 2392 1055 2477 αἰγιαλῷ
1081 2387 1137 2453 καί
1161 2399 1234 2466 ταῖς
1255 2390 1437 2471 ἐκβολαῖςσο

308 2483 345 2551 τὸ
356 2486 495 2570 πόλισμα
509 2491 648 2575 ἵδρυται·
678 2482 836 2576 ἀφέστηκε
847 2492 883 2554 δὲ
898 2491 954 2574 τῆς
968 2488 1077 2573 Νὴσοο
1093 2490 1127 2568 ἓξ
1137 2489 1274 2570 μάλιστα
1290 2513 1397 2574 παρα-

310 2587 440 2672 σάγγαις
460 2586 515 2651 ἐπί
525 2586 678 2670 δυόμενον
693 2585 792 2673 ἥλιον.

378 2691 404 2742 8.
421 2687 557 2760 ἐπινεύσῃ
588 2691 634 2752 tt,
652 2687 889 2761 ἔπινεάσοιτιιλρ.
961 2709 986 2760 9.
1004 2692 1052 2742 aul
1070 2699 1133 2743 ante
1150 2693 1182 2760 τῇ
1200 2707 1250 2743 om.
1270 2691 1298 2742 Pa
1355 2693 1394 2744 13.

377 2753 430 2808 τάν
447 2756 541 2809 usura
559 2760 601 2824 R„
618 2754 670 2824 τὴν
690 2761 721 2810 Φ.
740 2760 813 2829 vulg.
869 2763 909 2815 16.
929 2759 1054 2832 εάόγιοιλοι
1062 2765 1103 2825 tt,
1120 2764 1202 2829 Intpr.
1227 2774 1394 2832 exaequatos

379 2839 407 2880 et
429 2829 609 2898 patentiores,
645 2825 781 2899 εδέμβολα
797 2832 869 2900 vulg.
905 2832 1019 2884 Secutus
1037 2849 1104 2896 sum,
1122 2833 1289 2883 constantiae
1307 2836 1394 2896 eausa,

377 2899 567 2952 auctoritatem
586 2899 705 2962 codicis,
724 2901 755 2952 in
773 2901 911 2968 prioribus
928 2911 1001 2954 certe
1020 2903 1099 2956 libris
1118 2902 1295 2971 lugdunensi
1312 2903 1393 2972 longe

375 2971 589 3036 praestantioris.
625 2987 666 3022 ss.
686 2967 788 3023 stadiis
805 2985 911 3026 centum
930 2973 1013 3041 Intpr.
1031 2972 1128 3044 (πέντε
1149 2971 1229 3043 παρ.)

307 3085 358 3140 ego
371 3084 435 3124 vero
450 3069 621 3126 Muchirisim
635 3089 679 3124 sne
696 3090 843 3142 recepero,
862 3081 945 3145 atque
967 3076 1006 3126 ita
1024 3074 1058 3126 δε
1081 3074 1162 3126 rebus
1180 3075 1281 3125 nostris
1300 3051 1390 3144 ‹liipi-

306 3141 419 3197 oiemus.
455 3141 497 3193 De
518 3144 631 3196 victoria
655 3160 720 3196 vero
744 3146 828 3196 liceat
846 3144 899 3204 tibi
926 3143 1091 3197 iactabunde
1112 3152 1322 3214 arroganterque
1348 3147 1393 3196 lo-

305 3212 370 3280 qui,
395 3227 511 3283 eamque
534 3214 606 3268 inter
629 3216 737 3266 venales
760 3223 789 3266 et
804 3222 897 3266 nostro
917 3215 1031 3267 arbitrio
1047 3214 1184 3266 subiectas
1202 3232 1233 3265 ao
1255 3215 1393 3282 parabiles

304 3297 348 3333 res
366 3281 506 3334 collocare.
542 3284 597 3354 Ego
610 3301 673 3336 vero
693 3285 820 3337 victorias
837 3285 892 3336 Dei
915 3288 996 3337 unius
1017 3285 1159 3337 voluntate
1177 3284 1272 3335 librari
1290 3301 1387 3336 censeo
1412 3288 1415 3292 ’

224 3362 235 3380 “·
304 3365 419 3421 eamque
438 3369 494 3402 non
511 3351 545 3404 ad
562 3355 696 3406 fastuosos
719 3353 854 3425 valdeque
872 3355 958 3407 elatos
980 3371 1099 3425 vergere,
1123 3354 1170 3406 sed
1189 3354 1224 3405 ad
1249 3371 1306 3418 eos,
1324 3354 1389 3425 qui-

305 3419 357 3471 bus
382 3421 429 3476 ille
453 3423 575 3474 omnium
594 3423 742 3492 productor
764 3423 846 3495 atqu'e
869 3423 1025 3477 moderator
1051 3425 1187 3476 annuerit.
1224 3425 1298 3476 Haec
1329 3441 1391 3475 cum

307 3488 441 3543 Martinus
459 3502 618 3560 perstrenue
640 3492 888 3565 honestissimeque
910 3493 1111 3565 respondisset,
1136 3494 1246 3546 barbari
1263 3511 1393 3562 arrogan-

302 3560 343 3612 tia
360 3565 493 3625 offensus,
510 3579 576 3630 pace
594 3562 712 3626 infesta,
732 3581 747 3614 a
763 3574 858 3616 mutuo
873 3562 1011 3634 colloquio
1031 3563 1224 3629 discesserunt,
1245 3572 1327 3634 atque
1346 3563 1392 3616 hic

304 3630 415 3699 quidem
440 3631 475 3685 ad
502 3639 599 3695 castra,
621 3632 755 3684 Martinus
771 3635 878 3686 veroin
898 3633 1058 3686 Insulamse
1079 3635 1189 3701 recepit.
1215 3633 1391 3702 Nachoragan

302 3707 393 3752 autem
415 3720 588 3774 nequaquam
607 3701 647 3754 ihi
669 3703 890 3755 commorandum
915 3719 1043 3762 censens,
1071 3702 1105 3755 ad
1126 3702 1269 3754 Phasidem
1294 3704 1390 3754 urbem

301 3783 332 3818 se
348 3772 469 3825 conferre
485 3775 595 3836 statuit,
615 3789 702 3844 eoque
719 3775 812 3840 potius
829 3775 963 3824 Romanos
979 3790 1099 3826 evocare.
1128 3774 1298 3825 Facillimum
1313 3774 1388 3824 enim

303 3851 453 3907 expugnatu
475 3844 534 3896 illio
550 3859 607 3896 esse
630 3843 863 3911 propugnaculum
881 3840 1022 3907 audierat,
1042 3845 1145 3914 quippe
1165 3843 1239 3912 quod
1263 3852 1350 3895 totum
1370 3859 1388 3893 e

300 3906 383 3976 lignis
409 3921 574 3965 exstructum
599 3921 686 3975 esset,
706 3921 735 3962 et
769 3913 955 3965 circumiectos
982 3931 1090 3982 campos
1108 3921 1233 3982 patentes
1252 3922 1279 3966 et
1294 3913 1388 3964 eastris
1428 3962 1431 3968 ⁴
1472 3963 1476 3968 .

300 3978 435 4032 metandis
466 3983 680 4036 accommodatos
709 3981 832 4034 haberet.
880 3983 965 4053 Atqui
996 3984 1092 4034 urbem
1125 3983 1267 4036 Phasidem
1292 4001 1308 4032 a
1335 3983 1390 4032 flu·

199 4107 203 4115 ⁴
299 4048 344 4098 vio
364 4047 390 4098 ei
412 4054 571 4116 cognomine
591 4055 630 4108 its
653 4061 774 4104 vocatam
799 4070 869 4116 esse,
887 4052 1032 4116 omnibus,
1058 4054 1191 4118 arbitror,
1211 4063 1253 4105 est
1271 4053 1386 4104 notissi-

291 4131 389 4185 μοῦνος
414 4121 462 4193 qui
483 4122 595 4190 quidem
621 4123 717 4175 lluvius
735 4122 828 4175 Phasis
843 4141 900 4174 non
914 4125 1011 4191 procul
1029 4123 1063 4174 ab
1078 4141 1110 4174 ea
1128 4124 1207 4185 fluit,
1227 4132 1255 4174 et
1273 4124 1343 4173 ciroa
1357 4123 1385 4173 i·

298 4203 375 4256 psam
392 4187 421 4240 in
438 4189 574 4246 Euxinum
591 4199 709 4260 'pontum
728 4192 820 4244 fertur.
857 4191 899 4244 Ad
916 4195 994 4245 littus
1012 4194 1086 4245 enim
1109 4202 1138 4246 st
1161 4195 1232 4244 ostia
1251 4193 1316 4244 urbs
1334 4193 1388 4242 sita

296 4265 353 4327 est,
371 4257 456 4314 distat
473 4267 565 4313 sutem
582 4261 617 4314 ab
641 4262 732 4316 Insula
748 4278 796 4314 sex
809 4279 941 4315 summum
961 4263 1116 4333 parasangis
1141 4279 1266 4316 occasum
1284 4279 1385 4318 somus.
