3109 4950
474 288 756 357 ursronrlaurr
787 274 902 361 tela.
1153 256 1242 345 233.

158 452 212 515 roi
234 451 350 515 ἕκαστα
368 440 619 531 διαγγείλαντες,
644 443 800 529 μεγίστων
823 442 1000 528 ἀνέπλησαν
1016 439 1052 507 τὸ
1074 436 1272 517 ἕθνοςὲλ-Α·
1288 440 1316 494 C·
1330 442 1382 497 5⁵5

158 548 265 615 πάλων.
832 586 834 590 -
1244 514 1340 583 LL²⁹

239 643 286 731 ιγ’.
333 648 398 711 Turi
422 645 457 709 δὲ
481 634 556 731 ἦρος
573 638 769 732 ἀρχομένου,
801 641 915 711 αάτάια
934 643 964 707 οῖ
984 644 1046 707 τῶν
1069 636 1375 721 Ῥωμαι’ωνλ.0.556

159 746 329 831 στρατηγοί
347 746 380 821 ἐς
406 736 505 808 ταάτό
530 767 591 809 που
617 744 831 827 ξυνελθόντες,
865 742 1004 828 ἔγνωσαν
1028 736 1108 803 κατά
1130 721 1340 803 λλλισι-Ῑ·Ῑ·30

139 845 280 927 tparanete
305 838 553 928 ἐπιστρατεύειν.
582 839 661 907 ἀλλά
677 840 803 926 Βοάζης
829 846 889 926 μὲν
904 841 960 907 καί
983 834 1149 913 Ἰουστῖνος
1176 834 1240 902 ἀνά

158 940 216 1027 τήν
236 942 344 1025 Νήσον
361 944 468 1022 μένειν
494 938 662 1023 ἐτετάχατο
669 991 680 1021 ,
714 941 945 1027 φρουρήσοντες
964 936 1005 1004 τά
1028 933 1160 1017 ἐνθάδε,
1188 934 1244 1000 κατ’

160 1037 307 1106 ἀπάντων
322 1036 583 1124 ἐπιμελησόμενοι.
605 1041 785 1105 ἐστέλλοντο
797 1042 833 1104 δὲ
849 1042 903 1106 ἐπὶ
913 1036 967 1105 τὸν
976 1036 1111 1119 πόλεμον
1124 1027 1261 1122 ἀνδρεςΒ

161 1140 193 1215 ἒς
212 1140 498 1225 τετρακισχιλίους,
526 1136 616 1217 πεζοὶ
630 1132 699 1219 άμω
720 1124 776 1205 λαὶ
796 1136 934 1204 ἱππόται·
962 1139 998 1205 ἀν
1017 1145 1084 1212 τοῖς
1105 1127 1193 1201 ἄλλοι
1208 1158 1244 1198 τε

161 1228 244 1321 ἦσαν
259 1240 323 1303 ταῖν
340 1236 592 1324 γνωριμωτάτων
611 1228 690 1320 άγαν
698 1288 709 1320 ,
731 1236 788 1304 κατ’
802 1234 985 1318 Μαξὲντιάς
1001 1260 1036 1302 τε
1052 1233 1106 1301 καί
1116 1226 1244 1299 ’Θεόδω-

123 1358 234 1422 τορος,
264 1334 283 1399 o‘
299 1336 354 1420 τῆς
380 1336 549 1421 Τςαννικής
562 1334 725 1417 δυνάμεως
744 1335 983 1423 πρωτοστάτης,
1004 1331 1048 1413 ἀς
1059 1358 1115 1418 μοι
1128 1330 1244 1399 πολλά.

162 1458 211 1509 κις
225 1428 365 1521 ἐρ’ῥήθή,
386 1424 482 1519 ἀμφω
497 1432 652 1517 πολεμικά
676 1437 732 1501 καί
745 1432 915 1523 ταξιάρχω.
934 1433 990 1500 καὶ
1001 1432 1031 1499 oi
1047 1436 1107 1516 μὲν
1123 1430 1243 1515 εἴχοντο

162 1536 218 1617 τής
238 1534 354 1611 ἐξόδου·
381 1525 495 1617 ήμελλε
516 1535 550 1597 δὲ
572 1528 682 1611 αάτοῖς
698 1530 754 1599 orire
777 1538 811 1611 ἐς
825 1532 951 1621 μακράν
968 1532 1024 1599 καὶ
1042 1530 1060 1597 ὅ
1080 1535 1245 1616 Μαρτῖνυς

162 1627 384 1717 ἐπιστήσεσθαι
400 1629 444 1707 οἷς
459 1630 658 1717 ήγήσόμενος.
692 1631 736 1717 οἷς
753 1626 793 1697 ἀν
809 1634 844 1697 δὲ
858 1634 939 1717 μηδὲ
955 1630 1034 1718 πρὸς
1051 1627 1155 1717 βραχὺ
1170 1632 1245 1713 γοῦν

163 1728 392 1815 ἀστρατήγητοι
414 1723 493 1810 εἶεν,
522 1721 634 1815 ἄρχειν
656 1732 720 1797 ταῖν
742 1724 823 1797 ὅλων
843 1732 1011 1817 ἐλαχέτήν,
1047 1734 1106 1805 ἕως
1123 1725 1171 1793 ἔτι
1191 1724 1243 1791 διά

125 1832 215 1914 ιότής
227 1825 366 1913 ἀπηκάου
384 1826 578 1917 πορεύοιντο,
598 1826 750 1916 Βαράζης
763 1854 799 1895 τε
811 1824 890 1915 ἀνήρ
915 1825 1078 1917 Ἀρμένιος
1094 1824 1149 1891 κατ’
1161 1824 1247 1891 Κόλ-

158 1951 218 2011 χος
232 1924 430 2013 Φαρσάντης,
447 1924 521 1992 οὕτε
534 1924 637 1993 πόνων
652 1922 749 2017 ἀρετῇ
766 1922 839 1993 οὕτε
854 1932 892 2017 τῇ
907 1922 985 2018 ἀλλγγ
997 1926 1124 2010 ἀξιώσει
1142 1921 1240 1990 ἀπάν-

161 2048 224 2091 των
233 2028 296 2091 τυῖν
305 2028 587 2113 ξυστρατευομὲνων
602 2025 799 2113 προήκοντες,
818 2030 937 2111 μᾶλλον
944 2030 1004 2108 μὲν
1016 2019 1073 2091 υάν
1086 2022 1238 2091 ἀνάωνκαί
1246 2040 1268 2095 C

162 2122 397 2208 ἕλασσοάμενοι.
425 2124 443 2191 ὅ
460 2129 521 2209 μὲν
542 2124 603 2213 γάρ
619 2128 653 2193 ἐν
670 2134 813 2211 λοχαγοῖς
835 2128 932 2193 ε’τὲλει
954 2125 973 2189 ὅ
993 2124 1153 2211 Βαράζης,
1173 2117 1245 2187 ἀτε-

162 2246 218 2310 ρος
239 2224 274 2287 ἀὲ
297 2227 359 2289 ταῖν
377 2227 436 2307 μὲν
460 2226 556 2313 ε’ντῇ
577 2220 659 2312 αάλῇ
676 2224 845 2309 ταγμάτων
866 2228 923 2290 τοῦ
947 2225 1067 2303 Λαζῶν
1089 2214 1245 2304 βασιλέως

119 2322 272 2407 εοήγεῖτο·
303 2321 490 2410 (μάγιστρος
502 2315 601 2405 ὄνομα
621 2324 660 2412 τῇ
681 2318 776 2411 ἀρχῇ·
796 2323 985 2407 νενόμισται.
1000 2318 1060 2407 γάρ
1075 2322 1166 2403 τοῦτο
1190 2315 1247 2383 κατ’

161 2418 247 2518 παρὰ
261 2430 325 2500 τοῖς
339 2420 439 2512 ταύτῃ
454 2420 652 2512 βαρβάροις)
675 2416 713 2488 οὗ
728 2419 792 2509 μήτ
808 2424 842 2499 ἐς
860 2422 1007 2489 τοσοῦτον
1023 2416 1111 2510 αὐτῷ
1126 2414 1247 2505 φρονή-

233 2561 254 2596 r.
274 2541 473 2607 ἔνέπλρσανλλ.
521 2547 568 2616 Υ6.
588 2542 804 2615 φρουρήσαντες
823 2545 852 2596 a.
939 2547 968 2600 8.
986 2540 1140 2596 triamillr'a
1158 2541 1242 2609 lntpr.
1281 2557 1316 2572 -·

234 2614 339 2666 13.Pro
359 2611 390 2665 δὲ
407 2615 436 2664 R.
455 2614 510 2666 seul.
593 2614 901 2684 14.i'uclt.,oicrulg.
974 2615 1012 2667 15.
1038 2613 1087 2663 Pro
1109 2623 1139 2662 τε
1156 2613 1185 2662 ll.
1203 2607 1243 2661 et.

235 2701 274 2752 ¹7·
294 2687 526 2754 στρατευομένων
543 2687 574 2742 λλ.
649 2689 688 2742 18.
705 2683 800 2757 ἕτερος
818 2685 846 2738 lt.
933 2701 974 2738 ar.
994 2682 1070 2750 αὐτῷ
1087 2697 1138 2752 φρ.
1157 2693 1187 2732 τε
1204 2682 1245 2743 rt,

232 2768 318 2824 φρον.
332 2771 355 2804 τ.
374 2753 451 2823 αὐτῷ
468 2755 539 2825 vulg.
1205 2767 1208 2781 '

163 2879 317 2947 opportune
338 2871 484 2926 habituros.
523 2873 649 2928 Oratores
673 2878 765 2946 itaque
792 2874 826 2928 ad
847 2875 1040 2938 summersi,
1056 2871 1116 2926 eum
1135 2870 1241 2942 singula

162 2945 378 3005 renuntiassent,
394 2947 511 2998 maxima
532 2963 581 3016 spe
603 2953 710 3016 gentem
729 2947 876 3014 replerunt

236 3016 273 3066 13.
308 3013 424 3066 Ineunte
443 3025 533 3069 autern
552 3033 630 3078 vere,
653 3017 744 3070 statim
763 3018 943 3068 Rornanorum
963 3013 1094 3083 praefecti
1110 3014 1141 3064 iu
1160 3025 1245 3062 unum

162 3085 251 3136 eoacti
274 3086 421 3136 exereitum
447 3087 478 3139 in
503 3086 675 3140 Misimiauoe
695 3084 858 3138 mittendum
884 3091 1047 3136 statuerunt.
1098 3083 1137 3134 Ac
1158 3083 1243 3133 Buzes

162 3153 274 3224 quidem
291 3164 319 3208 et
338 3156 456 3207 Iustinus
477 3157 549 3227 apud
572 3157 690 3209 Insulam
709 3171 817 3208 manere
834 3162 899 3206 aunt
916 3155 999 3216 iussi,
1018 3150 1157 3223 praesidio
1175 3150 1244 3200 locis

161 3225 218 3280 illis
238 3225 339 3290 futuri,
359 3227 450 3278 omnia
471 3242 505 3278 ue
527 3225 673 3295 diligenter
691 3225 809 3279 curaturi
825 3243 832 3289 3
858 3225 941 3278 missa
957 3241 1021 3276 vero
1041 3228 1106 3274 sunt
1126 3218 1162 3272 ad
1182 3218 1245 3268 hel-

162 3294 220 3346 lum
238 3296 362 3364 pediturn
387 3245 470 3349 simui
488 3303 516 3348 et
537 3299 660 3366 equitum
686 3296 772 3362 millia
795 3301 931 3364 quatuor,
954 3293 1027 3345 inter
1054 3308 1122 3362 quos
1142 3297 1171 3341 et
1194 3288 1246 3340 alii

162 3372 241 3418 erant
256 3365 366 3419 maximi
384 3368 503 3422 nominis
527 3367 587 3430 viri,
611 3375 640 3419 et
665 3365 820 3418 Maxentius
840 3380 871 3416 ao
892 3363 1052 3423 Theodorus
1070 3360 1254 3413 Zanniearum.

161 3437 301 3503 copiarum
320 3436 385 3497 dux,
410 3438 512 3489 utiam
535 3454 616 3506 saepe
635 3436 701 3502 ἀλείς
720 3435 847 3488 bellicosi
866 3434 946 3486 ambo
965 3442 994 3486 et
1005 3432 1133 3486 ordinum
1150 3429 1242 3482 duces.

161 3504 253 3622 Ategua
270 3505 301 3556 hi
321 3505 434 3575 quidem
452 3505 654 3576 expeditionem
668 3504 783 3576 aggressi
803 3512 874 3557 runt.
910 3501 1065 3557 Videbatur
1078 3509 1169 3554 autem
1187 3515 1245 3550 non

159 3580 249 3626 muto
275 3583 338 3642 post
364 3577 447 3628 etiarn
470 3577 600 3630 Martinus
627 3577 692 3646 ipsis
721 3575 927 3644 adiungendus,
952 3581 985 3630 ut
1010 3575 1108 3627 ductor
1129 3571 1244 3622 futurus.

159 3641 204 3697 Ne
223 3658 286 3693 vero
305 3644 349 3695 vel
368 3645 403 3696 ad
426 3646 508 3699 breve
533 3647 647 3718 aliquod
668 3655 774 3716 tempus
799 3645 868 3698 duce
891 3645 1133 3705 destituerentur,
1158 3641 1249 3708 impa-

160 3713 234 3766 rium
257 3713 340 3764 tetius
361 3719 515 3780 exereitus,
542 3711 671 3788 quamdiu
692 3735 741 3790 per
763 3717 934 3768 subditorum
967 3715 1105 3784 regionem
1128 3711 1182 3762 iter
1203 3709 1246 3760 fa-

161 3788 270 3844 cerent,
287 3781 322 3834 ad
339 3784 464 3838 Barazem
482 3787 639 3838 Armenium
661 3796 688 3839 et
706 3788 879 3840 Pharsantem
897 3783 1029 3836 Colchum
1047 3790 1090 3834 est
1108 3780 1247 3845 delatum,

160 3853 212 3923 qui
232 3867 322 3920 neque
345 3849 446 3905 bellica
465 3859 565 3909 virtute
584 3875 674 3928 neque
699 3859 752 3911 alia
771 3858 905 3926 dignitate
925 3854 1052 3908 omnibus
1070 3851 1150 3904 sociis
1168 3867 1248 3918 prae·
1299 3866 1310 3885 r

160 3919 288 3982 stabant,
315 3922 398 3974 immo
420 3941 484 3976 vero
502 3928 643 3980 nonnullis
668 3936 746 3978 erant
767 3927 919 3978 inferiores.
955 3921 1023 3974 Nam
1044 3925 1155 3974 Barazes
1173 3921 1247 3972 inter

159 3992 304 4046 turmarios
328 3991 490 4046 censebatur
497 4032 509 4067 ,N
536 3997 604 4048 alter
625 4013 690 4048 vero
713 3997 742 4048 in
769 3998 832 4047 aula
856 3994 964 4064 agmina
988 3994 1058 4063 regis
1084 3993 1248 4044 Colchorum

160 4061 312 4128 ductabat3
342 4063 484 4134 (Magister
512 4064 639 4132 dignitati
662 4071 705 4126 est
728 4081 851 4128 nomen;
880 4065 1010 4114 usitatum
1034 4065 1108 4115 enim
1134 4062 1187 4114 hoe
1206 4068 1248 4110 ost

162 4131 222 4184 eius
238 4133 293 4186 loci
315 4131 458 4204 barbarie)
479 4136 554 4203 atqui
573 4152 629 4186 uon
648 4138 753 4186 tantum
779 4143 827 4185 aut
849 4132 1010 4203 prudentiae
1032 4143 1081 4187 aut
1107 4130 1247 4184 confiden-

161 4201 217 4260 tiae
246 4202 312 4260 huie
328 4205 429 4272 iuerat,
454 4212 487 4261 at
507 4204 635 4266 audacter
664 4203 745 4260 etiam
773 4206 893 4266 Romano
927 4205 1060 4288 eremitat
1093 4206 1246 4273 impeteret·
