3109 4950
307 349 381 403 ιτα
725 343 935 412 Acumen

156 511 187 563 A.
200 508 227 562 c.
240 512 366 581 554τοον
383 498 445 565 άπὸ
470 492 627 589 Ἀροάκον
648 500 707 563 τοῦ
731 502 885 587 προτέρου
909 503 942 576 ἐς
953 491 1149 584 Ἀρτάβανον
1162 495 1216 563 τὸν
1240 474 1374 580 ἔσχατον

178 583 198 633 ¹⁴
217 583 238 635 ¹·
256 585 431 681 αδβασιλέα
441 650 451 680 ,
479 599 570 685 ἡνίκα
594 599 633 665 τά
651 600 823 680 Ῥωμαίων
844 596 1010 683 πράγματα
1036 596 1099 662 rint
1116 592 1314 685 Ἀλεξάνδρῳ
1331 602 1375 685 τῷ

301 697 460 779 Μαμαίας
477 699 569 762 παιδὶ
585 694 762 779 ἐτετάχατο,
784 699 854 760 κατ’
865 698 962 761 έκεῖνο
981 699 1019 780 δὴ
1031 699 1089 759 τοῦ
1105 691 1221 781 καιροά
1229 694 1266 760 τὸ
1287 700 1375 760 Χοσ-
1471 705 1474 712 ’

268 794 378 881 Deion
397 798 454 859 τοῦ
472 796 546 860 καθ’
560 792 642 880 ἧμάς
659 794 838 876 βασιλεύειν
855 788 970 879 ἤρξατο
988 797 1091 877 γένος,
1121 788 1142 877 ἥ
1158 817 1193 857 τε
1210 796 1305 880 μέχρι
1321 794 1378 859 καὶ

301 896 360 959 νῦν
373 894 459 980 παρά
480 898 624 980 Πέρσαις
646 895 819 975 κατέχουσα
841 893 983 957 πολιτεία
1000 896 1034 958 έν
1056 895 1100 981 τῷ
1118 892 1186 957 τότε
1208 888 1310 979 ἀρχὴν
1330 890 1395 957 εἶ’-5

300 996 381 1077 ληφε
399 995 453 1057 καὶ
470 987 536 1058 οἷον
555 989 741 1057 κατάποσιν
762 992 898 1077 πρώτην.
921 984 1116 1076 ’Λριαξάρης
1130 991 1189 1076 γάρ
1204 997 1250 1067 τις
1268 986 1376 1055 τοῦνο-

301 1114 358 1171 μα,
376 1094 505 1175 Πέρσης
520 1088 608 1176 ἀνὴρ,
629 1082 736 1167 ἄδοξος
748 1090 809 1169 μέν
823 1087 864 1153 τά
879 1091 989 1175 πράσα
1005 1088 1061 1153 καὶ
1074 1084 1301 1175 άφανέστατος,
1318 1082 1376 1153 άλ-

301 1194 364 1264 λως
377 1190 412 1251 δὲ
427 1185 635 1274 μεγαλουργός
647 1187 702 1253 καὶ
721 1184 924 1273 δραστήριος,
945 1185 1001 1251 κατ’
1013 1184 1114 1261 δεινὸς
1126 1190 1249 1271 κινῆσαι
1264 1184 1304 1251 τά
1319 1212 1377 1249 κα-

302 1289 461 1367 θεστῶτα,
489 1288 669 1369 ξυνωμότας
684 1282 810 1372 άγεέρας
825 1284 878 1349 καὶ
890 1286 1094 1367 ἐντιθέμενος,
1111 1281 1305 1370 Ἀρτάβανον
1318 1288 1377 1365 μὲν

304 1386 431 1470 οἶναιρεῖ
440 1382 494 1449 τὸν
510 1386 661 1467 βασιλέα,
680 1382 784 1472 ἑαυτῷ
801 1387 837 1448 δέ
853 1386 993 1468 περιθεές
1012 1382 1071 1469 τήν
1086 1383 1225 1469 αι’δαριν,
1245 1381 1301 1446 καὶ
1320 1379 1418 1466 cristo

304 1482 474 1569 Παρθικὴν
488 1481 623 1565 δύναμιν
636 1481 826 1563 καταλύσας,
848 1478 946 1558 αὖθις
959 1489 1025 1558 τοῖς
1034 1483 1181 1568 Πέρσαις
1195 1478 1252 1565 τήν
1266 1482 1379 1566 σφετέ-

304 1606 365 1666 ραν
382 1576 571 1649 ἀνενεώσατο
586 1582 756 1665 βασιλεέαν.
790 1575 830 1666 ἦν
847 1583 884 1647 δέ
904 1604 940 1664 γε
956 1571 1046 1657 οὗτος
1061 1584 1101 1667 τῇ
1114 1584 1230 1668 μαγικῇ
1248 1580 1380 1661 κάτοχος

228 1678 467 1769 Ρ,05ἱεροσργι’ρι
490 1680 546 1745 καί
564 1678 733 1767 αὐτουργὸς
753 1683 816 1745 τῶν
840 1658 1049 1768 ἀπορρήτων]
1074 1679 1178 1743 ταῦτά
1196 1702 1246 1743 τοι
1266 1681 1321 1744 καί
1340 1675 1377 1741 τά

306 1775 439 1861 μαγικὸν
462 1780 562 1864 φάλον
580 1783 724 1867 ἐγκρατὲς
747 1781 782 1858 ἐξ
802 1778 918 1844 ἐκείνου
942 1781 1047 1863 γέγονε
1073 1780 1129 1843 καί
1148 1773 1322 1865 άγέρωχον,
1344 1768 1378 1839 ὃν

306 1880 365 1959 μὲν
381 1868 443 1961 ἤδη
466 1874 707 1965 καὶπρότερον,
735 1878 794 1944 καί
809 1879 846 1943 ιἰι
866 1882 1005 1943 παλαιοῦ
1028 1876 1121 1963 τήνδε
1140 1873 1198 1961 την
1221 1874 1418 1959 ἒπάιλησιντὸ

307 1973 478 2057 α’τιοσῶζον,
500 1966 587 2041 uina
607 1979 642 2041 tt
656 1979 689 2053 ές
707 1979 798 2045 τοῦτο
813 1980 904 2061 τιμῆς
921 2001 956 2041 τε
974 1974 1030 2040 καὶ
1045 1974 1224 2061 παῤῥησάις
1235 1975 1380 2061 ἠρμένον,

309 2072 379 2137 ἀλλ’
397 2068 502 2138 ὁποῖον
520 2073 583 2139 sini
597 2078 660 2141 τῶν
679 2078 713 2141 ἐν
726 2080 809 2141 τέλει
823 2068 949 2162 έστένῇ
970 2077 1026 2139 καί
1044 2077 1260 2160 σεριοράσθαι.
1288 2075 1381 2155 δῆλον

309 2172 355 2235 δέ·
381 2171 419 2235 οὗ
433 2169 494 2259 γάρ
519 2166 558 2239 tir
579 2173 609 2239 οἱ
631 2175 718 2261 oinos*
733 2180 867 2262 Δαρεῖον
882 2175 1026 2260 Πέρσαι,
1046 2176 1198 2259 Σμέρδιος
1213 2163 1312 2235 ’πάλαι
1327 2172 1382 2236 τοῦ

308 2268 410 2352 μάγου
422 2268 502 2351 μετά
523 2272 702 2361 Καμβύσην
717 2274 772 2341 τὸν
786 2275 901 2362 Κάροσ
918 2273 974 2359 τὴν
991 2271 1154 2356 βασιλείαν
1165 2270 1382 2355 ὕποσνλήσαν-

310 2392 371 2450 τος,
381 2366 547 2457 συμφοράν
560 2375 720 2439 ἐποιοῦντο
732 2372 766 2440 τὸ
777 2376 985 2457 γεγενημένον,
992 2370 1047 2435 καί
1055 2366 1151 2437 aritia
1167 2393 1202 2434 τε
1215 2368 1271 2435 τὸν
1281 2371 1420 2453 Σμέρ-τσ

317 2583 319 2590 .
381 2541 405 2591 9·
424 2523 579 2595 ξυνομότας
592 2527 621 2579 R.
679 2530 718 2580 16.
737 2525 863 2598 η’γμένον
885 2527 914 2578 u.
1005 2545 1045 2596 ¹9·
1066 2526 1119 2577 τοιλ
1135 2522 1234 2593 Κύρου
1251 2524 1278 2572 R.

311 2641 371 2704 bri,
390 2643 504 2710 imperio
522 2646 632 2698 fuerunt
650 2648 739 2712 exuti3
765 2649 814 2718 qui
836 2645 963 2716 deinceps
984 2662 1016 2697 eo
1038 2647 1178 2708 universo,
1201 2643 1322 2712 Aegypto
1334 2657 1383 2690 ex-

262 2713 271 2740 ”
313 2719 409 2778 cepta,
436 2722 499 2764 sunt
521 2715 619 2782 potiti3
644 2715 770 2768 Arsacide
798 2716 907 2786 quidem
933 2718 1050 2785 primum
1077 2715 1238 2766 defectionis
1265 2720 1383 2771 auctore,

313 2779 381 2831 adeo
395 2787 427 2831 ut
441 2783 601 2847 Arsacidae,
626 2789 748 2854 quicum
765 2790 874 2856 sequuti
889 2796 969 2849 sunt,
988 2786 1054 2837 dicti
1069 2786 1177 2836 fuerint.
1212 2780 1383 2832 Mithridates

312 2865 375 2900 vero
397 2867 453 2901 non
472 2854 558 2904 multo
576 2864 639 2924 post
661 2855 695 2907 ad
714 2874 844 2910 summam
864 2857 1000 2929 quandam
1020 2857 1132 2926 gloriam
1154 2852 1311 2906 Parthorum
1333 2867 1384 2900 no-

313 2935 376 2970 men
394 2923 491 2978 evexit,

384 2993 424 3043 26.
460 2991 544 3043 Annis
561 3001 651 3046 autem
669 2995 744 3048 LXX.
761 3014 841 3065 snpra
863 2995 993 3048 ducentos
1016 2994 1049 3046 ab
1070 2993 1166 3045 Arsace
1179 2993 1265 3061 primo
1284 2989 1319 3042 ad
1332 2987 1383 3039 Ar-

313 3059 444 3112 tabanum
468 3063 593 3116 ultimum
615 3082 703 3134 regem
730 3084 815 3136 usque
842 3068 957 3136 elapsis,
987 3083 1047 3116 cnm
1068 3066 1245 3115 Romanorum
1266 3078 1307 3112 res
1334 3060 1384 3109 sub

315 3124 467 3183 Alexandro
486 3131 621 3185 Mamaeae
639 3137 696 3186 filio
717 3147 807 3189 essent
823 3139 1001 3198 constitutae,
1025 3135 1076 3186 sub
1091 3132 1119 3185 id
1135 3143 1239 3200 tempus
1259 3130 1385 3182 Chosrois

314 3204 457 3320 Erogcuies
475 3203 547 3270 apud
564 3221 612 3255 uos
633 3211 742 3274 regnare
757 3209 862 3274 coepit3
880 3209 1070 3276 Persarumque
1085 3203 1254 3272 gubernatio,
1273 3202 1386 3269 quaein

338 3288 389 3321 nnc
403 3287 490 3343 usque
506 3271 578 3324 diem
590 3274 669 3325 durat
681 3313 688 3338 ,
706 3284 762 3326 tum
776 3280 906 3346 temporis
927 3277 1039 3328 initium
1050 3270 1155 3325 habuit.
1183 3271 1323 3342 Siquidem
1335 3271 1385 3320 Ar-

316 3347 421 3392 taxares
443 3342 552 3424 quidam
566 3345 688 3406 nomine,
705 3347 746 3398 vir
759 3349 857 3409 Persa,
882 3349 1011 3416 inglorius
1033 3343 1142 3414 quidem
1155 3343 1274 3414 *primum
1291 3349 1319 3391 et
1335 3339 1386 3390 ob-

316 3426 422 3474 scurus,
452 3411 600 3466 industrius
630 3423 721 3467 tamen
743 3419 900 3488 magnisque
922 3417 1002 3468 rebus
1020 3414 1144 3484 gerendis
1163 3431 1226 3482 par,
1254 3418 1387 3479 aptusque

318 3478 353 3530 ad
369 3497 443 3551 quae.
460 3480 529 3534 bene
545 3487 691 3536 constituta
711 3497 774 3539 sunt
796 3486 976 3548 movendum,
1004 3486 1205 3537 coniuratorum
1224 3498 1305 3531 mauu
1330 3479 1387 3529 col-

264 3549 265 3556 ’
317 3550 401 3613 lecta,
426 3550 589 3604 Artabanum
604 3571 692 3624 regem
708 3555 816 3608 adortus
839 3557 997 3618 obtruncat,
1021 3562 1050 3606 et
1067 3554 1149 3605 cidari
1164 3553 1246 3621 capiti
1266 3567 1314 3600 suo
1333 3549 1387 3599 irn-

317 3625 422 3687 posita,
445 3621 619 3692 Parthicaquc
636 3627 758 3692 potentia
776 3627 916 3689 subversa,
934 3627 1019 3677 Persis
1038 3625 1129 3676 denuo
1142 3624 1286 3691 pristinum
1299 3620 1388 3687 impe⁶

285 3687 288 3703 ¹
322 3689 394 3742 rium
423 3697 599 3762 recuperavit.
649 3695 711 3746 Erat
733 3706 824 3748 autem
849 3699 871 3749 is
893 3697 1009 3765 magicae
1031 3695 1191 3764 disciplinae
1214 3690 1336 3742 addictus
1360 3697 1388 3738 et

320 3761 423 3812 arcanis
439 3766 520 3814 sacris
545 3763 720 3832 operabatur,
741 3765 814 3818 unde
832 3775 860 3818 et
878 3768 979 3835 magica
993 3781 1056 3834 gens
1077 3781 1110 3816 ex
1128 3781 1160 3815 eo
1177 3771 1299 3829 tempore
1318 3759 1387 3809 vali-

322 3825 382 3879 dior
400 3835 618 3904 arrogantiorque
635 3841 675 3886 est
690 3836 772 3901 saeta,
797 3854 865 3906 quae
883 3837 993 3906 quidem
1010 3837 1092 3889 etiam
1112 3841 1192 3884 antea
1210 3838 1281 3892 erat,
1308 3836 1336 3879 et
1353 3828 1388 3878 ab

320 3897 433 3966 antiquo
452 3899 520 3955 hanc
549 3904 757 3973 appellationem
781 3908 897 3968 retinet,
922 3907 1043 3957 nondum
1062 3913 1161 3957 tamen
1180 3919 1212 3953 eo
1230 3900 1340 3951 honoris
1360 3904 1389 3948 et

318 3965 447 4021 licentiae
465 3981 522 4024 erat
536 3985 643 4041 evecta3
663 3975 711 4028 sed
729 3977 820 4048 aliqua
838 3979 920 4029 etiam
936 3992 969 4027 ex
985 3983 1062 4044 parte
1079 3993 1094 4026 e
1109 3970 1308 4043 magistratibus
1323 3985 1389 4020 cond

319 4038 507 4102 recumbatur,
531 4044 603 4113 quod
615 4045 725 4116 quidem
737 4057 829 4115 aperte
845 4049 940 4118 liquet.
976 4046 1071 4117 Neque
1090 4046 1162 4096 enirn
1181 4043 1230 4112 qui
1246 4041 1316 4090 circa
1332 4039 1389 4088 Da-t

319 4108 391 4158 rium
402 4118 478 4161 erant
494 4113 602 4176 Persae,
626 4133 685 4167 curn
698 4118 763 4168 olim
782 4115 899 4169 Smerdia
917 4117 1029 4187 quidam
1049 4131 1141 4183 magus
1156 4119 1218 4181 post
1232 4109 1389 4176 cambysem

320 4179 385 4246 Cyri
410 4181 496 4233 filium
518 4199 628 4250 regnum
651 4188 821 4255 arripuisset,
849 4188 952 4240 bonum
975 4188 1075 4239 factum
1091 4183 1162 4236 illud
1181 4181 1334 4248 (luxerunt,
1362 4185 1390 4228 et

321 4250 458 4306 smerdem
478 4250 687 4320 obtruncarunt,
705 4258 858 4328 multosque
876 4258 943 4310 alios
960 4257 1081 4319 eiusdem
1094 4271 1154 4307 cum
1173 4269 1207 4306 eo
1223 4249 1343 4302 instituti
1358 4262 1391 4300 ιτ
1420 4238 1428 4261 “
