3109 4950
485 281 822 362 ursronnnrrrr.
843 289 900 372 un·
1001 237 1008 256 ’
1066 261 1100 360 J
1140 259 1220 346 331

154 433 199 513 ὦς
217 443 346 502 πλεῖστα
364 434 452 522 napa*
468 435 632 519 Ῥωμαιλον
650 439 839 518 κομίσαιντο,
858 435 999 524 καθάπερ
1021 436 1052 504 οἵ
1074 439 1296 524 Ούτίγου-λ.ῦ.
1310 454 1360 512 tos

153 559 219 621 ροι·
238 535 311 612 τούς
329 559 364 599 τε
385 533 621 616 αἰχμαλώτους,
656 537 686 599 εἰ
703 534 747 618 μὴ
767 537 882 600 &derue
901 537 1044 622 πρίαιντο
1065 535 1095 608 οἱ
1116 527 1247 622 turri-¹·
1266 526 1327 580 ω’

153 636 242 716 δειοι,
263 633 478 720 ἀποσφάττειν
503 633 617 698 αάτιλια
643 633 799 717 ἤπειλουν.
829 633 847 697 ὃ
872 636 907 699 δὲ
926 635 1075 718 βασιλεύς
1095 636 1228 722 χρυσίον

153 725 260 808 αύτοῖς
277 729 421 812 ἔστειλεν,
438 727 555 796 ὁπόσον
571 723 716 815 ἀποχρῆν
727 721 803 819 ᾤετο
819 728 852 808 ἔς
867 755 902 796 τε
913 729 952 798 τοὶ
965 731 1062 819 λύτρα
1080 736 1142 800 τῶν
1158 738 1229 811 ξυν-

131 827 363 915 δειλημμένων,
378 830 434 893 καί
450 822 698 922 ὅπωςεῖρηνοιῖοι
710 827 852 894 τολοιπὸν
870 824 1074 913 ἀπαλλαγεῖεν
1086 835 1142 916 τῆς
1161 829 1229 916 χεύ-

151 951 226 1012 ρας.
254 925 311 990 καί
322 922 362 1010 δὴ
377 917 494 1000 ἀλλους
507 949 540 988 τε
554 921 688 1000 πολλούς
705 925 872 1008 ἀπέδοντο,
907 926 960 994 καί
979 925 1016 1014 δὴ
1032 931 1159 1014 Σέργιου
1173 928 1228 1004 τὸν

151 1021 283 1105 Βάκχου
297 1019 353 1087 τάν
368 1022 549 1109 στρατηγόν·
568 1016 773 1108 ἓαλιύκειγάρ
791 1015 894 1107 ὀλίγον
909 1021 1085 1110 ἔμπροσθεν
1098 1029 1153 1092 καί
1168 1027 1226 1091 αύ-

150 1118 206 1196 τδς
221 1121 352 1208 ἀπαισίρι
365 1119 430 1186 τινί
441 1116 636 1206 χρησάμενος
650 1121 687 1184 τύ
688 1145 742 1208 χῃ,
757 1123 812 1186 καί
823 1123 858 1186 ἐν
868 1131 931 1198 τοῖς
940 1121 1150 1206 αἰχμαλώτοις
1158 1127 1223 1194 ἑτέ·
1232 1142 1260 1194 P.
1268 1141 1321 1202 170

151 1226 217 1302 λει.Ι
253 1213 336 1283 ούτοο
351 1242 384 1282 τε
403 1213 491 1300 μόλις
510 1217 662 1286 ἐπαύοντο
682 1220 920 1302 λεηλατοῦντες,
959 1221 1013 1285 καί
1038 1225 1094 1306 τῆς
1122 1219 1226 1286 οἴκαδε

81 1341 85 1348 ·
114 1315 273 1399 ιοείχοντο
288 1317 431 1401 πορειας,
462 1315 667 1400 ἀναλαβόντες
687 1315 745 1381 οάκ
764 1319 797 1394 ἒς
809 1315 935 1402 μακρὰν
954 1316 1009 1384 καί
1022 1316 1096 1398 τούς
1119 1321 1153 1390 ἐκ
1171 1315 1227 1407 τῆς

145 1402 294 1489 Ἑλλάδος
315 1413 532 1498 ἀφικομένους.
894 1405 896 1413 ’
1006 1440 1008 1446 ·
1194 1461 1201 1472 r

232 1511 289 1607 κδ’.
332 1518 405 1588 Τοῖς
423 1515 482 1593 μὲν
502 1504 558 1576 ούν
577 1513 634 1596 τῆς
652 1511 770 1589 πόλεως
797 1516 854 1598 τῆς
872 1519 1034 1600 βασιλίδος
1055 1511 1159 1592 ἀστοῖς
1190 1513 1225 1584 αἱ

149 1615 291 1676 τοιαῦται
310 1614 463 1695 ξυνδῆκαι
474 1611 614 1694 ἀγεννεῖς
627 1605 707 1675 εἶναι
722 1609 850 1680 ἐδόκουν
865 1613 920 1681 καί
937 1618 1069 1702 αἰσχραί
1083 1615 1138 1682 καί
1153 1615 1225 1684 ἀνε-

149 1709 311 1793 λεύθεροι·
344 1707 407 1792 εἴγε
427 1703 530 1796 ιύοπερ
548 1710 592 1774 ού
612 1707 749 1796 φορητὸν
768 1711 929 1797 ύτιάρχον,
954 1709 1001 1780 ὅτι
1022 1712 1059 1798 δι)
1080 1713 1224 1797 πλησιαί-

112 1812 227 1876 straza
256 1811 311 1892 τῆς
338 1806 454 1884 πόλεως
486 1808 517 1872 οἱ
543 1811 686 1890 πολέμιοι
716 1809 883 1904 ἀφιγμένοι
909 1816 964 1878 καί
997 1812 1223 1895 ε’γγελύσαντες,

91 1924 93 1929 ·
148 1907 205 1970 οάκ
232 1902 326 1970 αύτοί
351 1908 550 1995 πανωλεθρία
580 1903 816 1992 διεφθάρησαν,
854 1909 921 1974 ἀλλ’
941 1909 990 1976 ἔτι
1018 1909 1072 1976 καί
1091 1915 1223 1999 χρυσίον

148 2007 331 2086 ἐκομίσαντο
347 2003 554 2090 χαριστήριον
560 2057 571 2088 ,
610 2001 712 2091 ὥσπερ
732 2003 822 2089 ἡμῶν
852 2009 885 2083 ἐς
907 2005 1022 2086 αύτούς
1042 2015 1221 2094 πεπλημμε-

147 2103 298 2188 ληκύτων.
323 2101 352 2188 ἦ
375 2105 410 2166 δὲ
429 2107 485 2169 τοῦ
503 2104 656 2185 βασιλέως
674 2101 780 2189 γνώμη
800 2107 833 2180 ἐς
852 2098 928 2170 ἀλλο
949 2130 982 2170 τι
1001 2107 1108 2188 μεῖζον
1125 2101 1240 2192 {ripum

148 2197 223 2287 ὅπερ
246 2200 301 2265 οάκ
327 2205 360 2276 ἐς
385 2199 510 2286 μακρὰν
531 2199 654 2284 ἀποβοὶν
674 2199 777 2266 ἔπεισε
804 2200 880 2277 τούς
900 2203 1050 2288 πρότερον
1067 2206 1219 2284 νεμεσῶν·

105 2322 204 2375 norae
222 2299 443 2386 ύπεράγασθαι
461 2293 556 2364 odada
569 2299 613 2374 ὥς
632 2291 711 2382 ἴνγαν
730 2304 880 2386 προμηδῆ
897 2303 951 2366 καί
968 2301 1220 2383 ἀγχινούστατον·
1238 2381 1241 2386 .

217 2451 239 2488 r.
260 2432 431 2506 Οδτίγουροι
445 2433 549 2487 correxi
566 2451 600 2486 ex
616 2449 641 2499 p.
657 2435 716 2487 300.
738 2436 763 2496 3,
779 2435 838 2489 303.
858 2451 897 2490 ιι.
913 2441 942 2491 et
956 2433 1106 2493 Menandro
1126 2433 1215 2487 histo-

212 2505 287 2565 rico„
303 2503 577 2575 Odrrtyovposvulg„
597 2504 831 2574 ΟάτρίγουροιΡι.
899 2503 924 2571 lp.
943 2505 1078 2563 πτίττοι
1090 2506 1139 2569 li.-
1190 2508 1216 2558 6.

211 2563 244 2636 dr)
263 2590 314 2625 om.
331 2576 360 2628 R.
437 2580 461 2631 8.
481 2578 540 2627 τινὶ
556 2586 639 2642 χρησ.
655 2576 694 2637 n,
715 2584 797 2647 χρησ.
813 2586 872 2627 τινι
885 2574 954 2643 vulg.
1028 2578 1065 2628 13.
1088 2571 1138 2625 ἀνε
1145 2610 1216 2626 .....

211 2645 242 2693 Β.
260 2660 320 2694 cum
329 2644 423 2695 lacuna
437 2659 524 2734 uspue
539 2644 574 2696 ad
588 2642 640 2695 οάκ
661 2644 752 2707 αὐτοὶ,
769 2652 828 2696 tum
842 2652 932 2699 autern
945 2645 1046 2713 pergit:
1071 2645 1123 2698 τού
1140 2659 1214 2694 παν-

212 2712 258 2762 ωλ
341 2712 377 2778 ιλ.
395 2715 454 2779 εἴγε
463 2714 602 2781 ωσπερόδ
617 2704 745 2783 φορητὸν
757 2712 898 2782 δπιίρχον,
916 2712 1034 2775 ltabaec
1054 2730 1139 2783 ‚quae
1155 2729 1217 2765 eer-

213 2788 242 2833 te
253 2797 308 2832 nou
328 2780 399 2832 bene
412 2781 525 2844 habeut,
542 2784 571 2833 in
588 2784 647 2834 Par.
663 2785 805 2852 leguntur:
832 2785 862 2850 in
874 2784 956 2853 Lugd.
976 2792 1004 2835 et
1019 2782 1059 2835 ed.
1071 2800 1111 2851 pr.
1132 2796 1215 2852 nega-

211 2852 252 2903 tio
267 2852 408 2903 omittitur.
444 2852 649 2902 Inll.lacnnam
662 2869 719 2903 esse
735 2856 790 2907 iam
803 2854 869 2911 dini.
905 2856 1051 2927 Intpmaec
1066 2857 1152 2923 plane
1168 2870 1216 2911 err-

211 2922 374 2973 r'etimabant
387 2918 419 2971 id
429 2919 548 2990 quodam
559 2922 801 2992 praeferendam·
882 2927 919 2976 16.
940 2925 987 2973 καί
1003 2940 1054 2973 om.
1071 2924 1100 2979 fi.
1174 2939 1213 2993 19.

212 2990 281 3061 ὅπερ
294 2993 340 3053 lt,
358 2989 454 3059 ὥσπερ
468 2990 537 3059 vulg.
553 2998 581 3046 et
593 2991 679 3058 Intpr.
748 3007 789 3043 no·
809 2988 847 3047 οἷς
865 2992 905 3054 δι,
925 2990 952 3051 ἐς
967 2992 1038 3067 vulg.
1207 2994 1212 3001 “

144 3128 265 3199 Utiguri‚·
297 3128 482 3195 acceptivas,
510 3125 565 3178 uisi
583 3125 618 3177 ab
636 3142 729 3182 eorum
746 3124 906 3194 propinquis
926 3123 1121 3196 quamprimum
1139 3122 1213 3176 redi-

142 3206 290 3261 merentur,
325 3198 466 3249 confestim
489 3195 654 3264 iugulaturos
680 3213 738 3247 sese
762 3195 941 3246 minabantur.
983 3195 1132 3259 Imperator
1148 3210 1211 3245 vero

141 3276 245 3321 tantum
262 3269 321 3321 auri
338 3268 479 3329 eis-misit,
496 3276 627 3335 quantum
646 3264 811 3321 redimendis
830 3265 942 3332 captivis
960 3266 1130 3316 suffecturum
1147 3278 1212 3319 cen·
1283 3272 1287 3280 '

141 3339 234 3401 rebat,
253 3348 282 3390 et
292 3346 323 3389 ut
333 3338 439 3406 pacifici
452 3336 580 3405 deinceps
592 3338 701 3405 regione
714 3334 884 3391 excederent.
917 3333 1030 3389 'Barbari
1045 3333 1137 3400 itaque
1150 3348 1211 3387 curn

142 3409 211 3459 alios
237 3409 335 3459 multos
359 3408 554 3468 restituerunt,
587 3414 646 3458 tum
673 3422 736 3457 vero
756 3406 838 3456 etiam
863 3402 983 3471 Sergium
1000 3399 1097 3457 Bacchi
1125 3401 1212 3451 filium

141 3476 321 3545 praelectum
335 3486 427 3545 captus
440 3478 513 3528 enim
523 3476 612 3530 fuerat
624 3476 706 3533 etiam
719 3476 778 3543 ipse
791 3473 872 3540 paulo
882 3482 952 3535 ante,
966 3473 1083 3522 infausta
1097 3470 1211 3547 quadam

141 3548 205 3596 irrue
224 3546 349 3608 fortuna,
371 3555 400 3598 et
415 3548 487 3598 inter
503 3546 636 3614 mancipia
653 3544 820 3597 censebatur.
846 3544 933 3611 Atque
951 3542 990 3593 ita
1008 3556 1085 3607 aegre
1102 3538 1222 3593 tandem

141 3634 159 3666 a
174 3614 327 3683 praedando
346 3616 546 3679 abstinuerunt,
563 3624 592 3667 ot
607 3614 718 3669 domum
730 3630 820 3665 versus
836 3614 888 3664 iter
905 3613 1089 3671 instituerunt,
1107 3624 1209 3663 assum-

140 3685 177 3735 tis
193 3700 283 3735 secum
296 3702 350 3735 non
367 3686 452 3737 multo
470 3692 533 3754 post
552 3687 635 3739 etiam
650 3684 699 3745 iis‚·
718 3684 766 3753 qui
786 3699 801 3733 e
823 3682 936 3733 Graecia
954 3680 1123 3737 advenerant.

209 3751 251 3819 ad.
284 3752 392 3805 Civibus
408 3756 501 3825 itaque
515 3755 590 3807 urbis
608 3755 697 3822 regiae
717 3752 785 3810 baec
804 3759 882 3819 pacta
904 3768 997 3818 parum
1015 3747 1129 3799 honesta
1153 3762 1211 3799 esse

139 3822 318 3883 videbantur,
341 3824 423 3876 immo
448 3825 538 3893 turpia
565 3833 646 3893 atque
667 3822 828 3888 illiberalia3
856 3819 969 3889 perinde
989 3835 1019 3869 ac
1038 3819 1062 3867 si
1079 3816 1209 3872 intolera-

139 3893 198 3944 bile
215 3899 293 3953 eeset,
312 3892 386 3960 quod
397 3891 496 3955 hostes,
518 3896 566 3963 qui
585 3893 797 3964 quamproxime
815 3888 848 3947 ad
861 3892 955 3942 urbem
969 3894 1108 3947 venerant,
1128 3889 1209 3955 eique

138 3980 189 4032 per
207 3960 356 4014 ludibrium
377 3962 553 4025 insultarent,
587 3980 642 4012 non
661 3962 714 4027 ipsi
736 3961 769 4016 ad
791 3960 1005 4019 internecionem
1022 3956 1091 4011 caesi
1110 3962 1209 4022 essent?

140 4033 307 4098 sedlnsuper
325 4032 405 4082 etiam
423 4048 517 4085 aurum
533 4030 689 4082 donativum
700 4029 892 4091 abstulissent,
923 4026 997 4097 quasi
1014 4042 1063 4075 nos
1084 4026 1113 4074 in
1135 4025 1208 4089 ipsos

140 4100 355 4169 deliquissemue.
383 4100 553 4166 Imperatoris
571 4116 633 4151 vero
647 4115 721 4149 mens
735 4106 817 4167 atquo
833 4098 975 4149 consilium
990 4093 1111 4146 adalind
1127 4090 1209 4161 quid·

114 4198 117 4203 ¹
141 4168 202 4231 datu
215 4169 491 4241 naiuareepisiebac,
522 4166 745 4240 quemadmodum
763 4175 874 4223 eventus
893 4185 949 4223 non
969 4164 1054 4220 multo
1067 4168 1129 4234 post
1141 4157 1205 4251 'ubf
