3109 4950
344 306 398 392 70
743 247 745 252 '
783 299 993 366 sessuras

198 476 230 533 Δ.
241 475 270 529 C.
281 472 333 533 553
345 460 544 546 άβροδίυιτον
559 454 792 541 μετεβέβληντο,
806 452 863 538 τὴν
876 455 930 539 τῆς
945 455 1064 537 διαίτης
1071 448 1276 536 παραλλαγὴν
1283 448 1432 537 ᾐτιῶντο,

231 546 285 602 U
300 562 333 615 ²⁷
346 556 402 645 την
420 560 456 623 δέ
470 582 505 642 με
530 557 578 641 οἷς
592 550 720 642 άληθῶς
733 547 835 638 οἷρχὴν
856 575 890 617 τε
908 549 964 615 καί
982 546 1118 633 ἀνάγκην
1135 550 1192 633 τῆς
1207 552 1376 636 συμφοράς
1391 546 1431 615 οὗ

248 680 251 689 ’
315 654 434 739 Cunila
458 640 640 721 διενοοῦντο.
667 644 707 739 ἦν
723 653 757 715 δὲ
778 642 842 736 ἄρα
861 644 951 730 οἶμαι
967 648 987 734 ἢ
1004 644 1123 729 άδικία,
1142 645 1199 711 καί
1209 645 1245 711 τὸ
1266 649 1434 735 περιϋβρί-

343 760 422 823 σθαι
437 750 513 839 πρὸς
532 746 636 819 αὐτῶν
663 749 702 815 τά
720 772 753 814 τε
780 754 855 813 θεῖα
877 743 1018 834 ἀφειδῶς
1037 745 1092 811 καί
1106 744 1291 833 άνθράπεια
1304 744 1434 829 νόμιμα.

344 850 436 929 αὐτὸς
458 849 496 937 δη
514 844 600 915 οδνὸ
623 843 789 935 στρατηγὸς
808 846 864 912 καλ
876 847 965 928 μάλα
979 844 1107 931 ἔνδηλος
1122 837 1178 930 ἦν,
1208 840 1255 909 ὅτι
1272 843 1310 930 δὴ
1333 842 1451 911 amisi

343 952 491 1036 θεήλατοι
504 950 661 1033 μετῆλθον
670 944 785 1011 ποιναί.
801 944 965 1032 παραπλῆξ
978 968 1011 1009 τε
1023 943 1083 1029 γάρ
1096 942 1240 1028 ἐγεγόνει,
1258 942 1313 1007 καί
1321 942 1432 1009 ilino

343 1052 542 1136 περιφανῶς,
571 1046 715 1133 καθάπερ
743 1044 772 1110 οἱ
801 1044 950 1130 ἔκφρονες
973 1047 1029 1108 καί
1049 1044 1233 1128 μεμηνότες,
1262 1042 1369 1121 κλόνος
1395 1065 1433 1108 τε

324 1178 326 1187 ¹
344 1142 439 1213 αὐτὸν
456 1149 562 1229 ἔπεῖχε
573 1144 704 1231 μυρίος,
726 1141 781 1208 καί
803 1140 945 1227 οἰμωγάς
961 1142 1050 1228 οἷφίει
1066 1141 1206 1227 βαρείας·
1225 1140 1281 1206 καί
1296 1144 1354 1207 νῦν
1371 1142 1432 1222 μὲν

344 1244 464 1334 πρηνὴς
469 1296 479 1327 ,
500 1247 557 1310 νῦν
570 1247 605 1309 δὲ
620 1243 674 1308 καί
690 1242 744 1308 ἐπὶ
763 1242 890 1334 θάτερα
904 1245 939 1307 ἔν
953 1244 998 1329 τῷ
1007 1240 1121 1328 ἔδάφει
1132 1244 1323 1306 κατέπιπτον·
1336 1240 1433 1326 άφρῷ

344 1338 549 1432 casalialto
569 1339 672 1424 στόμα
682 1340 888 1427 περιερρεῖτο·
908 1338 968 1403 καὶ,
981 1337 1025 1403 τά
1043 1334 1200 1425 ὀφθαλμώ
1227 1336 1370 1423 βλοσυραί
1398 1360 1477 1420 ycso

344 1434 443 1529 ἤστην
457 1440 512 1506 καί
524 1443 826 1528 παρατετραμμένοο.
845 1442 878 1515 ἔς
897 1440 1043 1504 τοῦτοδὲ
1063 1431 1154 1524 ipat
1175 1437 1310 1515 δειλαιος
1320 1432 1433 1523 ἀφῖκτο

302 1535 304 1540 ’
346 1544 479 1623 μανίας,
507 1535 589 1605 silure
613 1540 724 1620 άμέλει
746 1538 803 1602 καί
823 1540 886 1602 τῶν
907 1536 1028 1602 οἰκείων
1052 1539 1157 1619 μελῶν
1185 1537 1432 1619 ἀπογεύσασθαι

311 1638 497 1723 Βέχδμενος
521 1636 581 1725 γάρ
604 1635 679 1716 ὀδάξ
705 1638 767 1701 τῶν
790 1634 968 1722 βραχιόνων
991 1639 1048 1700 καί
1062 1637 1203 1700 διασπῶν
1223 1632 1282 1710 τάς
1304 1630 1434 1718 σάρκας,

344 1735 574 1821 κατεβιβρωσκέ
589 1760 625 1820 γε
641 1729 853 1821 αὖτάςιέσπερ
869 1733 984 1820 θηρίον
1001 1733 1249 1816 διαλιχμάμενος
1255 1732 1308 1798 τὸν
1317 1733 1433 1815 ἰχῶρα.

325 1866 328 1875 ·
346 1829 427 1899 οὕτω
449 1836 485 1898 δὲ
502 1826 618 1898 ἑαυτοῦ
632 1832 872 1915 ἐμπιπλάμενος,
892 1831 948 1896 καὶ
961 1830 1170 1918 κατασμικρὸν
1188 1831 1474 1917 δποφθινύθωνμό

346 1930 527 2017 οἰκτρότατα
550 1930 678 2015 άπεβίιο.
707 1928 860 2017 ἔθνησκον
884 1932 920 1995 δὲ
939 1929 1044 2014 χύδην
1065 1933 1121 1994 καί
1144 1929 1174 1993 οἱ
1194 1921 1302 2010 ἄλλοι,
1323 1922 1433 1993 οὐδεν-

324 2030 396 2095 Ιὁτι
421 2028 477 2095 καί
498 2031 636 2107 ἀνιέντος
671 2032 728 2095 τοῦ
751 2032 867 2111 κακοῦ,
900 2032 958 2107 ἕως
980 2024 1113 2106 ἅπαντες
1132 2029 1358 2116 διεφθάρησαν.
1378 2029 1435 2092 καί

346 2130 470 2217 πυρετῷ
486 2131 546 2211 μὲν
569 2128 599 2193 οἱ
625 2134 765 2195 πλεῖστοι
788 2126 979 2211 πιεζόμενοι,
1008 2131 1159 2216 νηφαλίοι
1173 2150 1208 2211 με
1224 2121 1307 2209 ὅμως
1327 2124 1435 2190 ἀπάλ-

325 2246 328 2253 “
348 2234 450 2295 λυνεο.
470 2229 564 2305 ἐνίοις
580 2230 615 2293 δὲ
637 2225 693 2292 καὶ
711 2227 887 2313 άποπληξία
903 2229 1086 2313 ἔνέσκητπεν
1106 2221 1224 2313 ἰσχυρά
1246 2228 1302 2291 καλ
1318 2221 1436 2309 ἑτέροις
1510 2269 1514 2275 ·

348 2324 542 2413 καρηβαρίοι,
564 2327 618 2389 καί
630 2326 860 2415 παραφροσύνη
879 2319 1004 2412 ἑτέροις.
1023 2324 1149 2390 ποικιλα
1166 2327 1227 2406 μὲν
1246 2322 1307 2409 γάρ
1330 2323 1481 2399 αὕτοῖςοο

349 2426 517 2516 ἐπεφέρετο
536 2426 647 2513 πάθη,
666 2420 787 2491 ἅπαντα
813 2427 850 2491 δὲ
872 2426 918 2503 εἰς
937 2417 1073 2512 ’ὄλεθρον
1089 2422 1281 2511 ἀπεκρίνετο.
1301 2424 1437 2488 Λευθα-

419 2565 444 2602 υ.
471 2545 521 2609 τῆς
539 2545 692 2616 συμφοράς
714 2542 775 2597 add.
794 2560 829 2595 ex
845 2545 875 2595 R.
895 2552 924 2597 et
945 2545 1029 2614 Intpr.
1049 2516 1239 2598 necessitatem
1257 2541 1436 2598 calamitatis.

420 2619 445 2686 4.
465 2615 499 2666 τά
517 2628 546 2664 τε
564 2619 631 2666 θεῖα
657 2611 786 2686 άφειδῶς
802 2616 852 2678 lt,
869 2610 997 2683 α’φειδυλς
1018 2613 1052 2666 τά
1071 2629 1101 2666 τε
1118 2617 1185 2666 θεῖα
1203 2615 1273 2684 vulg.
1342 2631 1367 2681 φ
1388 2613 1438 2663 καλ

288 2726 292 2736 ,
418 2693 483 2755 post
502 2687 556 2738 νῦν
569 2683 651 2737 liius.
688 2702 721 2736 ex
737 2687 767 2736 λλ,
826 2702 863 2738 ro.
882 2683 1010 2756 βλοσνρώ
1019 2686 1160 2736 itetcorr.
1179 2686 1273 2754 Lugd,
1290 2681 1436 2754 βλοσσυριλ

326 2777 327 2780 “
418 2757 490 2826 vulg.
548 2754 586 2824 ιλ.
605 2753 835 2830 διαλικμωμένος
853 2756 882 2806 R.
996 2755 1037 2809 ιδ.
1057 2753 1274 2824 ὑποφθινύθιον
1291 2757 1335 2818 u,
1362 2752 1436 2805 aino-

420 2823 597 2896 φθιννάθιον
614 2825 684 2894 vulg.
734 2828 771 2878 18.
785 2823 952 2896 πιεζόμενοι
968 2827 997 2876 R.
1013 2825 1279 2900 Lugo.(ct.)‚1nspr.
1297 2823 1438 2898 degrava-

419 2907 459 2958 εα,
473 2897 529 2948 Par.
539 2891 705 2966 πεσόμενοι,
720 2893 1006 2966 separandarum.
1059 2913 1101 2950 no.
1114 2901 1285 2967 καρηβαρεῖν
1297 2897 1327 2948 lt
1382 2891 1436 2944 arl-

419 2967 493 3036 τηλλλ.
566 2981 608 3020 at.
626 2966 780 3039 ἐπεφέρετο
799 2968 829 3019 R.
844 2965 928 3036 Lngd.
944 2965 1016 3039 (Cl),
1032 2965 1189 3037 ἔπεφίρητο
1204 2966 1267 3019 edd.

352 3067 446 3134 tincti,
468 3069 542 3122 vitae
562 3069 779 3123 immutationem
795 3069 825 3121 in
833 3085 913 3122 causa
935 3087 993 3122 esse
1007 3069 1150 3138 putabant.
1176 3067 1213 3122 Aa
1236 3070 1323 3138 ipsam
1344 3082 1439 3122 revera

351 3140 485 3209 originem
497 3141 730 3210 necessariamque
749 3157 858 3205 causam
875 3139 942 3193 mali
954 3141 1036 3208 plane
1058 3158 1114 3194 nou
1136 3139 1341 3210 intelligebant,
1365 3155 1438 3208 quae

275 3258 279 3266 ,
349 3209 474 3280 profecto
487 3217 546 3262 erat
559 3210 704 3274 iniustitia,
722 3217 751 3261 et
766 3209 860 3262 divina
874 3211 978 3280 pariter
995 3215 1078 3280 atque
1094 3209 1214 3262 humana
1234 3211 1293 3260 iura
1317 3209 1353 3260 ab
1366 3209 1433 3276 ipsis

289 3322 300 3345 ,
350 3279 515 3348 proculcata.
551 3283 642 3350 Ipsum
656 3281 749 3352 itaque
764 3281 860 3332 ducem
874 3281 969 3333 videre
980 3289 1048 3350 ,erat
1064 3281 1205 3332 evidenter
1222 3279 1318 3348 poenis
1334 3277 1438 3330 ‹livini-

298 3354 303 3362 '
350 3356 395 3399 tus
418 3349 544 3402 immissis
568 3349 735 3404 obnoxium:
763 3351 871 3403 insania
895 3353 968 3402 enim
998 3351 1201 3420 manifestaque
1223 3349 1316 3412 rabie,
1348 3350 1438 3400 instar

350 3434 462 3482 eorum,
474 3420 521 3488 qui
536 3421 712 3489 mentecapti
735 3420 825 3472 furere
844 3421 942 3484 solent,
964 3420 1181 3489 corripiebatur,
1199 3420 1339 3489 multaque
1354 3419 1438 3471 verti·

351 3488 415 3557 gine
427 3489 598 3558 agitabatur,
618 3507 708 3560 graves
730 3506 764 3541 ue
781 3491 896 3542 eiulatus
919 3489 1040 3554 edebat,
1063 3490 1145 3543 modo
1164 3506 1284 3558 pronus,
1302 3488 1384 3542 modo
1405 3488 1437 3540 in

352 3559 513 3610 alterutrum
535 3560 606 3612 latus
629 3561 659 3611 in
685 3508 774 3612 solum
797 3560 959 3629 procidens,
990 3561 1157 3630 multamque
1187 3577 1220 3611 ex
1241 3577 1288 3612 ore
1314 3575 1438 3626 spumam

351 3629 441 3695 ciens;
459 3628 532 3682 oculi
546 3629 631 3681 etiam
641 3629 695 3698 ipsi
705 3637 784 3681 erant
800 3631 886 3694 torri,
903 3628 1124 3700 horrendumque
1148 3629 1177 3681 in
1193 3629 1304 3694 modurn
1319 3629 1438 3694 inversi,

349 3713 383 3748 eo
401 3698 520 3769 denique
533 3698 655 3752 insaniae
670 3706 782 3752 venerat
798 3701 897 3762 miser,
916 3709 947 3752 ut
960 3718 995 3752 ne
1009 3717 1025 3750 a
1038 3701 1095 3752 suis
1114 3700 1225 3770 quidem
1240 3698 1368 3751 membris
1384 3696 1436 3749 de-

349 3769 489 3833 gustandis
504 3768 660 3820 abstineret.
696 3768 811 3822 Asaislue
827 3770 900 3822 enim
914 3770 1050 3824 mordicus
1070 3769 1190 3824 brachiis
1210 3771 1266 3821 suis
1281 3768 1438 3832 inhaerens,

349 3843 380 3886 et
396 3853 489 3892 earnes
504 3839 633 3891 dentibus
651 3838 823 3903 convellens,
849 3857 894 3890 eas
910 3841 994 3893 instar
1009 3841 1083 3892 ierac
1105 3841 1220 3892 alicuius
1237 3838 1342 3891 bestiae
1365 3838 1439 3889 dila-

348 3903 462 3970 niabat,
479 3917 686 3976 promanantem
697 3908 802 3962 saniem
817 3910 958 3974 lambens,
976 3919 1058 3980 atque
1074 3912 1112 3962 ita
1124 3912 1166 3962 sui
1181 3910 1267 3978 ipsius
1280 3918 1356 3963 satur
1369 3924 1440 3975 pau·

348 3973 481 4045 latimque
495 3978 689 4034 contabescens
707 3979 859 4034 miserrime
872 3981 963 4050 periit.
999 3981 1120 4034 Extincti
1136 3997 1200 4032 vero
1214 3988 1278 4045 sunt
1291 3979 1439 4031 universim

350 4043 433 4098 etiarn
450 4049 548 4111 ceteri,
566 4047 639 4100 nihil
653 4050 762 4117 penitus
781 4065 812 4100 se
828 4052 984 4103 remittente
999 4051 1089 4115 malo,
1108 4051 1196 4103 donec
1210 4067 1304 4102 ornnes
1321 4050 1438 4100 interie-

350 4121 429 4180 ωειλ,
450 4131 480 4164 ac
500 4115 577 4168 febre
597 4118 707 4188 quidem
726 4120 839 4190 plurimi
855 4122 960 4191 pressi,
978 4139 1043 4174 sana
1063 4128 1154 4173 tamen
1174 4128 1266 4173 mente
1280 4119 1438 4189 perierunt;

338 4183 497 4270 *nemausa
513 4192 605 4246 autem
625 4190 779 4264 guastina
796 4193 940 4269 apoplexia
965 4191 1080 4257 afflixit,
1106 4190 1173 4247 alios
1194 4191 1293 4268 eapitis
1311 4187 1439 4262 gravedo,
