3109 4950
336 228 415 333 146
764 241 975 312 scamna

182 432 212 485 Α.
224 430 257 485 c.
268 430 321 501 554
329 410 431 477 τόπων
458 398 493 473 τε
512 402 656 491 ὲόκαιρίρ
676 402 731 467 ιιοί
750 396 892 488 ἀφθονίᾳ
909 398 973 465 τοῖν
990 392 1194 483 ἐπιτηδείαν,
1212 389 1271 457 καί
1290 392 1330 479 τῇ
1352 390 1414 461 τοῖν

216 504 237 557 ¹·
248 503 268 559 ῑ
279 504 313 555 ²⁸
328 510 418 596 ἤθοῖν
436 502 585 591 εὐκοσμίᾳ
599 526 634 567 τε
656 503 710 565 καί
726 497 890 583 δεξιότητι.
910 498 966 563 καί
983 494 1092 563 τοίνυν
1115 490 1147 557 οἱ
1165 492 1225 575 μὲν
1248 489 1347 555 πόλοι
1369 489 1414 560 οἱ·

326 608 454 694 πηιορες
482 606 547 669 τῶν
569 603 604 665 ἐιι
635 600 690 683 τῆς
716 596 877 680 θαλάττης
899 595 1029 679 ἀγαθῶν
1051 586 1188 675 όγνοῖτες
1216 587 1415 656 παντάπασιν

250 722 278 776 Ρ.
289 718 324 782 77
333 708 502 791 ἐτύγχανον
519 692 627 780 ὄντες,
657 692 704 775 οἷς
717 720 751 781 γε
769 691 844 761 οὐδὲ
863 686 964 777 όνομα
976 690 1054 768 νεός
1071 686 1198 776 ἠκούετο
1204 740 1215 771 ,
1235 685 1311 774 πρίν
1325 710 1361 770 γε
1376 684 1414 771 δη

328 802 437 881 αότοῖς
459 800 517 887 την
538 794 644 883 Ἀργιό
666 798 788 881 ἐκείνην
807 796 1020 881 ἐπιφοιτῆσαι.
1050 786 1131 857 οἶδὲ
1146 790 1203 855 νῦν
1220 785 1276 852 καί
1291 780 1433 853 vowel-5

327 901 440 971 λονταί
450 924 506 984 γε,
535 893 617 963 οὕτω
643 891 824 981 παρασχόν,
855 890 911 957 καί
926 889 967 955 τὰ
983 891 1040 974 τῆς
1065 885 1220 973 ἐμπορίας
1235 882 1415 969 κομίζονται

326 1002 431 1088 κέρδη.
472 999 538 1063 εἶσί
554 1020 588 1060 τε
605 988 642 1059 ori
662 992 819 1081 βάρβαροι
843 989 879 1057 τό
901 986 1029 1072 λοιπόν,
1059 984 1133 1053 οὐδὲ
1149 980 1233 1053 οὕτω
1253 980 1417 1068 βιοτεύου-

329 1124 398 1179 σιν,
432 1098 499 1161 ἀλλ’
519 1091 610 1171 ἐς’τό
642 1090 801 1157 πολιτικόν
823 1114 857 1154 τε
882 1093 937 1155 καί
956 1087 1085 1170 ἔννομον
1105 1086 1352 1170 μεταβέβληνται
1376 1076 1416 1169 τῇ

326 1196 407 1284 πρὸς
424 1192 607 1275 Ῥωμαίους
628 1190 779 1278 ἐπιμιξίᾳ·
812 1184 895 1254 ὥστε
915 1185 1012 1263 εἴτις
1031 1183 1106 1264 τοός
1123 1182 1321 1269 χαλκόποδας
1338 1178 1416 1247 τοιό-

330 1320 406 1379 ρους
418 1294 555 1377 περιίλοι
564 1344 574 1374 ,
596 1290 651 1356 καί
661 1286 718 1366 τός
734 1290 797 1354 τῶν
808 1290 943 1373 γηγενῶν
957 1281 1224 1370 όναβλαοτὴσεις,
1243 1286 1298 1349 καί
1313 1276 1453 1353 όπόσαιο

328 1387 409 1457 ἄλλα
427 1388 589 1479 τερατώδη
612 1391 666 1455 καί
680 1382 798 1453 ἄπιστα
815 1390 854 1474 τῇ
873 1381 996 1470 ποιησει
1020 1380 1108 1471 ἆμφί
1122 1384 1166 1471 τῷ
1182 1381 1289 1470 Αέἡτη
1305 1377 1417 1461 κεκόμ-

328 1507 467 1573 ψευται,
496 1485 585 1574 εόροι
604 1513 639 1571 γε
665 1481 706 1552 όν
727 1483 766 1550 τό
787 1483 926 1571 παρόντα
947 1488 1051 1572 πολλῷ
1067 1484 1130 1549 τῶν
1145 1483 1307 1569 προτέρων
1326 1472 1417 1561 ἆμειὲ

328 1616 413 1657 νονα.
452 1592 590 1653 τοιοῦτοι
615 1588 654 1673 δη
676 1580 734 1650 οὖν
759 1577 846 1662 όντες
871 1582 901 1649 οἱ
921 1582 1046 1664 Λαζοί,
1081 1579 1208 1658 εἰκότως
1226 1574 1284 1645 osia
1302 1570 1415 1643 όνεατοὶ

327 1690 461 1774 ἤγοῦντο
482 1689 694 1767 πεπονθέναι,
724 1684 767 1761 ὥς
786 1682 825 1769 δὴ
841 1682 1045 1766 τόν-βασιλέα
1067 1684 1159 1768 σφοῖν
1173 1676 1359 1765 παραλόγως
1379 1668 1418 1739 εἰ·

260 1858 262 1863 ,
304 1786 516 1877 Βφηρημένοι.
545 1782 656 1852 αότίκα
690 1788 726 1851 δὲ
752 1782 782 1849 οἱ
809 1784 979 1865 Ῥωμαῖοι,
994 1783 1162 1868 Μαρτίνοο
1192 1775 1456 1866 ἐξοτρύνοντες,τὸ

326 1884 491 1972 ἠπείγοντο
510 1888 653 1951 πανσυδί
662 1885 834 1949 ἐπιθέσθαι
848 1890 911 1958 τοῖς
924 1883 957 1960 ἐς
976 1876 1153 1967 Ὀνόγουριν
1169 1883 1324 1965 Πέρσαις.
1341 1874 1415 1960 την-

329 1990 365 2051 δε
386 1989 422 2052 δὲ
442 1985 499 2071 τὴν
523 1982 707 2065 ἐπωνυμίαν
727 1985 762 2046 ἐκ
780 1985 919 2048 παλαιοῦ
934 1980 1046 2063 ἐλαχεν
1067 1977 1105 2044 τό
1117 1977 1255 2065 χωρίον,
1288 1968 1418 2041 orbam

330 2085 408 2162 ἴσως
424 2087 458 2150 ἐν
480 2094 544 2161 τοῖς
564 2076 628 2149 όνω
643 2082 790 2168 χρόνοις,
821 2084 885 2147 τῶν
906 2079 945 2166 δη
972 2076 1162 2165 Ὀνοηυόρων
1184 2076 1418 2161 ἐπιλεγομένων,

329 2181 431 2251 nitori
460 2209 521 2250 που
539 2180 762 2267 ξυμβαλόντων
777 2191 844 2257 τοῖς
870 2178 1024 2264 Κόλχοις,
1045 2178 1100 2245 καί
1119 2174 1188 2253 εἶτα
1203 2179 1417 2260 νενικημένων,
1552 2247 1553 2252 1

329 2285 385 2353 καί
396 2281 501 2371 οἷόσπερ
523 2282 676 2369 μνημείου
696 2284 793 2368 χάριν
811 2283 867 2345 καί
880 2278 1031 2366 τροπαίου
1048 2276 1106 2364 την
1123 2274 1283 2362 ἐπίκλησιν
1298 2271 1458 2361 ταότηναο
1552 2261 1553 2356 l

330 2388 396 2450 τῶν
410 2386 590 2470 ἐπιχωρίων
607 2381 841 2468 ἐπενεγκόντων.
857 2383 915 2445 νῦν
932 2382 967 2444 δὲ
977 2374 1047 2463 orig
1064 2374 1147 2443 οὕτω
1163 2375 1249 2465 παρὰ
1266 2383 1332 2453 τοῖς
1342 2378 1419 2459 πολ·
1552 2375 1553 2378 ’

329 2490 395 2560 λοῖς
419 2479 604 2564 ὀνομάζεται
611 2532 621 2563 ,
653 2475 722 2543 ἀλλ’
739 2475 847 2564 ἐπειδη
868 2478 1033 2565 Στεφάνου
1059 2479 1116 2544 τοῦ
1137 2470 1306 2565 θεσπεσιον
1331 2468 1419 2558 ἱερόν

333 2582 477 2646 ἐνταῦθα
499 2581 647 2665 ἵδρυται,
677 2575 714 2642 όν
732 2575 770 2664 (λη
789 2580 913 2662 πρῶτον
932 2579 1029 2642 πόλοι
1050 2575 1147 2664 φασίν
1165 2575 1417 2661 όπὲρτῶνλΧρι-

403 2707 428 2744 a.
446 2688 535 2741 πάλαι
554 2706 604 2739 om.
625 2690 652 2738 R.
717 2705 740 2756 7.
760 2681 849 2742 οὕτως
866 2678 904 2756 lb
969 2705 1007 2740 ra.
1026 2688 1170 2756 προτέραν
1188 2685 1249 2739 edd.
1306 2687 1346 2756 ¹³2
1364 2676 1419 2739 οὖν

402 2759 465 2815 add.
483 2759 562 2811 eall.
646 2774 683 2828 ¹9·
702 2757 916 2828 ξυμβαλλόντων
934 2759 962 2809 Β,
1040 2776 1082 2810 ar.
1100 2761 1166 2827 περὶ
1183 2754 1341 2814 rofeil·

325 2895 553 2966 abundantiaque
562 2912 651 2948 rernm
665 2897 885 2960 necessariarum,
899 2903 1041 2949 elmerum
1053 2895 1188 2965 elegantia
1198 2912 1229 2948 ac
1243 2893 1415 2948 dexteritate.

328 2971 369 3025 Ae
389 2975 494 3020 veteres
511 2967 621 3037 quidem
641 2966 812 3020 habitatores
836 2967 979 3032 bonorum,
997 2985 1067 3037 qnae
1088 2965 1180 3018 adfert
1208 2982 1291 3028 mare,
1307 2982 1418 3036 prorsus

330 3044 408 3091 erant
431 3039 532 3107 ignari,
559 3038 785 3107 quippequibus
808 3054 843 3090 ne
863 3055 963 3090 nomen
978 3037 1089 3107 quidem
1111 3039 1185 3090 naris
1209 3043 1267 3088 erat
1282 3037 1418 3098 auditum,

330 3109 419 3161 donec
438 3126 471 3162 eo
490 3115 559 3178 Argo
576 3109 624 3158 illa
648 3109 806 3177 appulisset.
842 3107 929 3162 Huius
949 3125 1012 3161 vero
1029 3108 1159 3175 temporie
1173 3107 1268 3159 Colchi
1290 3113 1319 3159 et
1337 3105 1419 3158 naviss

348 3189 408 3242 ant,
423 3196 483 3230 enm
499 3182 538 3230 ita
554 3195 604 3230 usu
622 3181 712 3241 venit,
732 3189 809 3232 etex
828 3188 977 3232 mercatam
995 3187 1135 3248 quaestum
1152 3177 1272 3230 saeiunt:
1298 3185 1419 3246 suntque

329 3197 366 3301 Se
391 3251 498 3319 reliquo
519 3265 688 3320 nequaquam
711 3249 833 3313 barbari,
860 3267 950 3320 neque
969 3250 1007 3302 ite
1021 3247 1142 3314 vivunt,¹
1155 3249 1203 3300 sed
1225 3247 1260 3312 acl
1281 3248 1361 3299 civile
1384 3263 1418 3299 ao

329 3319 420 3388 legale*
427 3318 537 3371 vivendi
551 3337 634 3389 genus
650 3339 682 3372 ex
698 3320 896 3373 consuetudine
909 3336 969 3371 cnm
984 3321 1109 3371 Romanis
1124 3317 1327 3371 sunttraducti:
1346 3319 1418 3372 adeo

330 3398 363 3441 ut
381 3390 404 3440 si
423 3391 483 3458 quis
501 3389 643 3459 aeripedes
666 3398 756 3442 tauros
775 3391 970 3460 hominumque
992 3397 1095 3443 eterra
1122 3389 1315 3459 pullulantium
1337 3406 1417 3459 sege-

329 3467 386 3514 tem
411 3461 520 3530 aliaque
544 3468 701 3529 portentosa
721 3469 750 3512 et
767 3461 951 3522 incredibilia,
973 3475 1042 3530 quae
1061 3459 1188 3512 scite'cle
1205 3459 1289 3512 Aeeta
1307 3461 1418 3530 fingun-

329 3538 376 3582 tur
399 3547 415 3581 a
441 3533 546 3598 poetis,
572 3529 678 3595 demat,
700 3533 856 3598 praesentia
873 3531 1011 3583 veteribus
1027 3531 1074 3600 lon
1095 3547 1110 3582 e
1128 3531 1240 3582 meliora
1258 3533 1418 3601 comperiat.

330 3600 413 3654 Talea
431 3602 524 3670 itaque
543 3616 603 3651 cum
622 3609 713 3652 essent
738 3601 819 3663 Lari,
833 3603 944 3664 ,merito
970 3618 999 3652 se
1022 3549 1191 3653 intolerabili
1227 3602 1330 3654 iniuria
1353 3605 1423 3653 anea

232 3695 234 3702 ·
331 3679 389 3724 etos
406 3671 564 3732 censebant,
582 3678 678 3737 utpote
691 3687 752 3740 rege
767 3689 816 3722 sno
835 3673 965 3722 atrociter
979 3672 1085 3739 privati.
1123 3672 1219 3724 Statim
1240 3689 1304 3725 vero
1320 3675 1420 3726 Roma-

329 3742 378 3803 ni,
396 3741 527 3794 incitante
547 3739 682 3804 Martino,
700 3741 827 3791 omnihus
844 3741 947 3792 viribus
966 3741 1065 3794 adoriri
1083 3743 1215 3811 parabant
1232 3745 1324 3796 Persas
1338 3743 1420 3794 Ono-

330 3811 418 3878 gnrim
431 3813 590 3866 insidentes.
616 3810 730 3879 Accepit
742 3825 806 3861 vero
824 3812 878 3862 iam
892 3811 957 3863 inde
973 3812 1007 3863 ab
1021 3814 1133 3882 antiquo
1146 3814 1193 3866 hic
1208 3814 1284 3866 locus
1297 3830 1355 3863 eam
1366 3829 1420 3882 ap-

299 3921 303 3931 ,
330 3879 524 3950 pellationem,
561 3881 617 3933 uod
634 3897 695 3932 curn
714 3881 807 3932 Hunni
823 3881 954 3951 sonasse,
974 3882 1095 3952 Onoguri
1113 3885 1211 3947 vocati,
1229 3881 1421 3954 superioribue

332 3954 502 4017 temporibus
527 3901 576 4004 illo
597 3953 657 4020 ipso
671 3952 701 4002 in
712 3951 771 4004 loco
789 3969 849 4004 cnm
857 3951 966 4004 Colchis
980 3953 1087 4022 proelio
1104 3952 1422 4023 decertassentvictique

303 4035 306 4041 ’
328 4019 460 4084 fuissent,
473 4023 563 4074 veluti
577 4022 748 4075 monumenti
762 4029 792 4074 et
803 4020 929 4092 trophaei
945 4039 1025 4076 causa
1037 4021 1067 4074 id
1078 4041 1178 4078 nomeu
1194 4026 1222 4078 ci
1232 4023 1421 4094 abindigenis

330 4088 451 4143 inditum
471 4092 570 4160 luerit3
598 4110 672 4144 nnnc
689 4107 752 4145 vero
767 4094 899 4164 temporis
916 4095 1028 4151 nonita
1049 4110 1064 4144 a
1085 4095 1224 4164 plerisque
1236 4095 1421 4165 ¹appellatum

329 4157 379 4218 sed
390 4175 452 4216 cun
472 4161 514 4216 ibi
532 4163 666 4233 templum
684 4170 757 4218 esset
777 4179 883 4218 sacrorn
900 4161 995 4220 divino
1008 4163 1052 4217 illi
1069 4163 1224 4235 Stephano,
1250 4182 1332 4239 quem
1350 4170 1422 4238 qui-
