3109 4950
430 308 714 376 utstolttllttm
741 317 781 376 v.
801 318 836 386 9.
1126 315 1206 402 297

128 467 163 532 ἐν
177 449 363 549 ’ἑξαμέτροις
397 467 610 548 πεπονημένα,
645 458 680 540 dc
711 462 750 549 δή
775 465 924 551 τάπροότα
950 467 1048 532 τελιύν
1082 469 1117 534 ἐν
1144 476 1246 546 rotet.
1260 484 1288 543 Q
1304 481 1354 556 δδγ

126 559 215 652 άμρό
232 561 287 628 τόν
312 563 445 645 βασιλέα
467 565 560 647 σιγῆς
581 561 780 645 ἐπιστάταις,
810 566 918 648 γένους
940 589 975 630 τε
998 555 1302 650 κοσμούμενοςΜΒΙ

127 662 202 750 δόξῃ
220 660 276 726 καί
295 662 432 727 πλούτον
450 652 594 747 ἄφθονον
617 663 653 728 ἐκ
672 659 834 748 προγόνων
855 662 1093 746 διαδεξάμενος,
1124 660 1307 748 domimi

125 762 254 826 παιδεία
276 769 313 844 γε
333 758 495 847 αὐτῷκαὶ
517 757 618 843 λόγων
638 752 768 847 ἄσκησις
801 763 1040 828 διεσπούδαστο·
1080 763 1135 829 κού
1159 764 1213 830 ἐπὶ

104 862 229 934 ὅτοῑσδε
250 861 370 942 μάλλον
386 849 482 944 ηύχει
501 863 557 923 καί
586 857 778 940 ἐσεμνύνετο.
795 859 855 924 καί
870 859 979 926 τοίνυν
994 862 1166 947 πεποίηταί
1184 861 1215 929 οἱ

125 957 181 1025 καί
194 949 276 1023 ἅλλα
294 957 338 1034 σός
351 965 483 1023 πλεῖστα
504 954 666 1043 ποιήματα
690 956 815 1043 μνήμης
831 983 866 1024 τε
892 952 966 1038 dito
989 959 1044 1026 καί
1066 961 1237 1044 ε’παίνου,Β

125 1063 215 1142 δοκεῖ
240 1060 277 1122 δέ
300 1081 356 1138 μοι
380 1053 420 1120 τά
451 1055 505 1121 ἐπί
536 1055 580 1142 τῷ
609 1059 668 1146 νεῷ
689 1059 836 1144 εἰρημένα
875 1054 1018 1139 μείζονάς
1044 1083 1079 1126 τε
1112 1056 1211 1125 πόνου

123 1162 179 1223 καί
193 1156 368 1241 ἐπιστήμης
385 1149 525 1221 ἀνάπλεα
544 1151 748 1236 καθεστάναι,
770 1151 834 1246 dorp
854 1157 944 1242 καίὴ
963 1154 1115 1238 ὑπόθεσις
1126 1163 1212 1222 θαυ-

121 1258 322 1340 μασιωτέρα.
355 1251 499 1339 εὑρήσεις
515 1251 576 1340 γάρ
596 1247 637 1320 άν
660 1255 699 1320 ἐν.
713 1251 823 1334 ούτοϊς
844 1254 904 1342 τήν
923 1251 996 1342 ὅλην
1018 1259 1075 1341 τῆς
1092 1260 1211 1332 δέσεως

83 1352 313 1435 τοεύκοσμιόιν,
342 1355 398 1417 καί
416 1349 475 1427 τάς
504 1354 570 1418 τιὸν
585 1352 749 1434 μετάλλων
766 1353 879 1439 φάσεις
892 1352 1063 1420 λεπτότατα
1084 1357 1212 1438 κατεξη-

120 1453 293 1534 τιισμένοις,
313 1453 378 1517 τοῖν
389 1474 424 1517 τε
437 1452 737 1536 προτεμενισμάτων
749 1447 785 1515 τὸ
798 1445 951 1538 εύπρεπὲς
966 1448 1032 1534 ἅμα
1050 1451 1105 1518 καί
1116 1452 1212 1536 ύναγ-

120 1559 232 1631 καῖον,
261 1552 382 1634 μεγέθη
409 1574 445 1615 τε
476 1549 731 1632 καδύιμύματα,
759 1554 816 1616 καί
840 1545 898 1616 ὅσοι
925 1548 1113 1638 ἰθύγραμμιι
1132 1549 1212 1635 σχή-

117 1678 209 1734 ματα
233 1649 290 1716 καί
312 1645 374 1716 dno
399 1646 529 1716 κυκλικά
540 1700 551 1730 ,
584 1653 640 1714 καί
660 1643 726 1714 don
749 1649 885 1736 ἐκκρεμῆ
911 1649 967 1714 καί
988 1653 1212 1737 προτεταμένα,

78 1827 84 1836 Ι
117 1753 226 1835 γνοίης
252 1752 288 1815 δὲ
309 1745 349 1818 ἂν
374 1752 411 1814 ἐκ
426 1752 489 1814 τοῖν
512 1749 597 1813 ε’πῶν
622 1751 679 1813 καί
711 1742 798 1824 όπαις
816 1747 943 1838 άργύριρ
970 1747 1081 1818 τεκαὶ
1101 1749 1212 1836 χρυσῷ

77 1846 154 1920 τὸτό
176 1847 345 1935 ἱερώτερον
364 1847 485 1933 χωρίον
502 1849 638 1922 καὶτοῖς
658 1841 851 1932 άποῤῥὴτοις
868 1841 1108 1934 ἀποκεκριμένον
1114 1899 1124 1930 ,
1152 1871 1211 1912 πο-

115 1951 332 2014 λυτελέστατα
353 1947 647 2028 καταπεποίκιλται,
665 1945 721 2011 καί
733 1944 767 2010 εἴ
777 1971 811 2014 τι
827 1938 904 2010 άλλο
918 1947 1067 2033 πρόσεστι
1084 1949 1166 2032 μέγα
1188 1941 1210 2031 ἢ

114 2046 289 2128 ἐλάχιστον
307 2044 480 2132 γνώρισμα,
498 2045 538 2110 ού
550 2055 639 2128 μεῖον
654 2040 675 2130 ἢ
693 2041 723 2110 οἱ
739 2041 833 2126 θαμά
848 2047 883 2110 ἐν
907 2040 995 2134 αύτῷ
1019 2043 1239 2133 περιπάτουςῦ

112 2141 381 2227 ποιούμενοικαὶ
404 2139 531 2210 ἅπαντα
553 2147 808 2218 διασκοποῦντες.
845 2141 925 2208 άλλά
944 2141 1004 2230 γάρ
1020 2140 1077 2228 ἥδε
1105 2147 1164 2224 μὲν
1190 2129 1211 2227 ἦ

112 2247 254 2331 δευτέρα
290 2248 349 2308 τού
378 2242 439 2310 stoi
479 2243 628 2328 ἐπισκευὴ
662 2247 717 2309 καί
748 2237 928 2329 άνάρόωσις
958 2242 1048 2332 ὀλίγῳ
1079 2237 1209 2328 ὕστερον

68 2344 222 2434 εοχρόνιρ
242 2339 449 2430 ἀπείργασται
471 2345 527 2420 καί
543 2347 759 2430 ξυνετελίσθη.

192 2445 226 2512 ί.
264 2439 399 2513 Ἔκείνου
421 2447 457 2511 δὲ
479 2448 538 2511 τού
560 2443 651 2523 ἔτους
674 2440 743 2528 άμοι
765 2437 823 2533 ἤρι
844 2445 1009 2535 ἀρχομένην
1045 2442 1241 2531 giomi-A,
1257 2457 1348 2517 (2553

110 2550 172 2633 δης
189 2547 286 2623 νόσος
308 2539 408 2623 αύθις
426 2547 466 2634 τῇ
485 2544 573 2611 πόλει
593 2548 719 2611 ἐνέπεσε
725 2598 735 2627 ,
757 2544 814 2611 καί
826 2549 927 2633 μυριά
944 2548 1107 2641 διέφθειρε
1124 2533 1302 2630 ν,ιλή-Ῑ·Ῑ·32

1347 2648 1384 2665 κ

187 2708 212 2742 r·
233 2691 295 2743 τοῖς
313 2686 392 2757 α’μφλ
408 2688 529 2750 R.,roic
544 2690 594 2751 τῆς
610 2684 690 2759 α’μφλ
718 2688 789 2758 vulg.
861 2686 1006 2759 quarm
1025 2690 1054 2753 R,
1133 2708 1157 2760 γ.
1177 2688 1210 2743 δέ

185 2773 246 2838 μοι
263 2759 311 2821 rt,
331 2773 385 2828 μοι
402 2755 433 2811 ct
446 2759 516 2845 rplg.
1141 2764 1143 2771 ’

107 2896 192 2948 Flori
208 2894 284 2946 filius
299 2890 463 2947 hexametris
484 2894 608 2949 versibus
632 2897 808 2965 conscripsit,
827 2895 1006 2967 quiquidem
1033 2896 1208 2965 'primicerius

109 2968 257 3018 exsistens
270 2969 406 3035 regiorum
419 2967 642 3029 silentiariorum,
658 2975 687 3019 et
696 2967 802 3035 generis
809 2966 896 3035 gloria
909 2968 1004 3029 clarus,
1016 2968 1207 3035 amplissimas-

106 3054 166 3107 que
179 3054 198 3088 a
212 3036 364 3088 maioribus
378 3037 435 3087 suis
451 3052 517 3105 opes
531 3035 647 3106 adeptus
661 3076 669 3100 ,
695 3036 840 3089 doctrinae
863 3044 954 3087 tamen
977 3038 1207 3107 eloquentiaeque

105 3124 241 3176 magnam
255 3123 366 3175 operam
379 3106 564 3175 impenderat,
590 3108 693 3179 quibus
709 3116 738 3159 et
755 3109 841 3175 magis
860 3106 1026 3174 gloriabatur
1049 3115 1077 3158 et
1095 3106 1208 3167 decora÷

104 3177 203 3236 batur.
250 3177 367 3246 Scripsit
390 3179 484 3245 itaque
510 3180 666 3253 etiumsalia
693 3178 892 3249 quamplurima
913 3181 1040 3244 poemata
1057 3180 1206 3238 mimoratu

104 3249 197 3317 digna
208 3255 240 3299 et
256 3248 346 3302 laude.
372 3246 510 3300 Videntur
522 3257 614 3300 autem
631 3247 701 3302 milri
714 3264 786 3320 quae
811 3245 845 3298 de
865 3247 968 3314 templo
987 3246 1104 3316 scripsit,
1128 3254 1206 3307 tanto

102 3322 220 3371 maiore
239 3325 268 3369 et
284 3318 380 3370 labore
402 3325 431 3369 et
453 3319 569 3372 scientia
587 3319 704 3381 referta,
732 3324 836 3389 quanto
858 3324 887 3368 et
915 3326 1103 3385 argumentum
1117 3317 1206 3384 ipsum

101 3398 149 3448 est
178 3388 382 3441 admirabilius.
428 3386 586 3456 Comperies
611 3392 686 3441 enim
710 3389 794 3440 iniis
812 3388 969 3439 universum
994 3388 1063 3439 situs
1090 3389 1203 3449 concin-

101 3476 224 3529 naeque
244 3457 433 3526 dispositionis
449 3459 574 3511 ordinem
599 3468 628 3511 et
647 3460 820 3513 metallorum
843 3466 951 3517 naturas
967 3458 1145 3513 subtilissime
1157 3473 1206 3509 exa

99 3533 251 3607 ploratum
268 3529 466 3581 vestibulorum
481 3530 566 3582 etiam
580 3532 678 3599 templi
693 3531 854 3599 elegantiam
874 3530 976 3597 pariter
996 3537 1023 3581 et
1045 3530 1205 3589 utilitatem,

98 3596 317 3667 magnitudines
333 3616 444 3669 quoque
467 3608 496 3653 et
516 3600 692 3663 altitudines,
718 3607 859 3672 quotquot
882 3599 964 3650 etiam
978 3606 1042 3651 sunt
1059 3600 1158 3667 figurae
1174 3600 1204 3661 in
1302 3648 1306 3656 ,

99 3672 203 3721 altum
215 3664 349 3730 directae,
368 3678 396 3721 et
416 3679 556 3741 quotquot
574 3671 756 3734 orbiculares,
781 3676 917 3741 quotquot
938 3670 1021 3719 etiam
1037 3669 1157 3737 pensiles
1177 3676 1206 3732 et

97 3747 269 3811 protensae.
306 3737 469 3807 cognoveris
484 3758 595 3813 quoque
610 3758 625 3793 e
642 3740 824 3804 carminibus,
834 3757 889 3811 quo
902 3749 981 3809 pacto
1001 3745 1112 3808 argento
1129 3738 1205 3808 pari÷

97 3820 149 3863 ter
170 3815 260 3875 atque
277 3823 344 3861 onro
364 3813 493 3864 sacratior
510 3813 586 3866 locus
604 3821 634 3864 ct
648 3812 785 3879 mysteriis
804 3812 949 3879 separatim
966 3809 1117 3862 destinatus
1131 3821 1204 3861 suin-.

97 3877 291 3951 ptuosissime
316 3876 353 3927 sit
375 3891 536 3945 exornatus,
561 3891 590 3934 et
617 3884 640 3934 si
661 3881 737 3954 quod
760 3890 802 3933 est
819 3880 896 3937 aliud
912 3894 1038 3949 magnum
1056 3886 1103 3930 aut
1119 3880 1203 3943 mini-

96 3965 188 4003 mum
208 3956 406 4010 oruamentum,
423 3950 512 4003 nihilo
526 3955 627 4014 minus,
647 3968 729 4021 quum
742 3952 792 4020 qui
806 3950 900 4003 crebro
919 3951 948 4012 in
971 3966 1003 3999 eo
1025 3949 1204 4003 obambulant

98 4018 265 4085 omniaque
285 4018 446 4086 inspectant
482 4020 567 4090 Atqui
584 4019 703 4073 secundo
720 4020 789 4073 haec
804 4022 903 4088 templi
927 4020 1041 4074 reiectio
1058 4029 1140 4093 atque
1159 4022 1204 4071 in-

99 4088 246 4141 stauratio
266 4087 344 4141 brevi
358 4097 422 4159 post
436 4097 559 4158 tempore
575 4091 701 4143 instituta
714 4092 892 4159 perfectaque
908 4098 957 4143 est.

188 4174 228 4209 ro.
255 4158 359 4211 Eodem
386 4174 450 4211 vcro
476 4177 549 4211 nuno
571 4161 662 4212 statim
687 4161 801 4212 ineunte
826 4176 890 4213 vere
916 4161 1076 4229 pestilentia
1103 4161 1204 4217 iterum

99 4225 213 4289 ortem
226 4230 335 4299 invasit,
355 4238 385 4293 et
397 4232 535 4295 intutum
547 4229 754 4296 mutitudinem
770 4231 897 4305 suuulits
915 4248 985 4313 quse
1002 4230 1113 4312 quiden
1130 4246 1202 4293 uuoa
