3109 4950
331 318 410 407 180
754 339 967 409 iorruun

184 518 252 571 bc.
266 513 384 575 555των
400 499 618 584 περιηγμένοι,
640 492 812 583 διηπόρουν
833 492 889 557 καί
908 490 1130 579 ἐγαράττοντο·
1151 484 1228 558 orire
1245 491 1303 578 γάρ
1329 493 1410 579 φεό-

218 589 389 685 δι’9γειν
407 594 525 672 αότοός
547 595 652 684 ῥᾷστα
675 594 748 677 ἐνῆν
765 594 799 656 ἐν
818 592 977 679 ἐλαχίστῳ
1000 590 1109 680 χωρίφ
1135 592 1411 675 ξυνειλημμένοος,

297 690 399 765 Βοότε
414 694 479 780 μὴν
498 697 531 772 ἐς
544 692 580 759 τό
603 687 733 779 άκριβές
754 690 831 767 τοός
849 693 1014 773 δυσμενεῖς
1032 688 1266 783 διαγινώσκειν,
1297 685 1349 756 οἶα
1375 694 1410 757 ἐν

323 795 517 881 νυκτομαχίην
543 796 599 857 καί
621 788 730 878 φόβην.
762 788 922 876 τοιγάρτοι
947 790 1049 873 χάδην
1076 785 1138 852 tut
1159 790 1225 853 τῶν
1248 791 1411 873 Σαβείρων

323 891 496 972 ἐκτείνοντο,
531 886 598 985 οὔδ’
620 883 694 953 ὅσον
712 890 744 963 ἐς
762 897 873 974 πεῖραν
889 892 993 953 ἐλθεῖν
1011 882 1226 969 άμυνόμενοι·
1245 891 1300 951 καί
1314 886 1431 951 ὄπτα-5

321 992 425 1056 ’κόσιοι
449 992 509 1071 μὲν
535 981 648 1075 άνδρες
676 984 764 1052 ἔνδον
784 990 819 1052 ἐν
835 989 880 1075 τῷ
905 989 1105 1074 στρατοπέδῳ
1127 984 1361 1072 διεφθάρησαν,
1382 988 1414 1051 οἱ

324 1092 360 1155 δὲ
385 1082 475 1153 titios
493 1087 584 1169 μόλις
599 1084 789 1171 όπεκβάντες
816 1080 937 1170 ἠλῶντο
962 1084 1139 1173 σποράδην,
1170 1079 1227 1149 οόκ
1240 1084 1413 1182 ἐιριστάμε-
1518 1029 1520 1154 ό

322 1212 371 1255 νοι
392 1182 462 1252 όποι
480 1185 679 1273 χωρήσων·
698 1178 758 1271 ἤδη
777 1208 811 1250 τε
827 1178 939 1271 πόρ’ῥω
956 1210 1018 1249 που
1033 1186 1224 1271 πεφευγέναι
1241 1186 1411 1267 δοκοῦντες,
1518 1161 1519 1238 ό

323 1282 420 1361 αὖθις
435 1288 468 1363 ἐς
482 1280 850 1368 ταότόνόνεκυκλοῦντο,
872 1282 928 1347 καί
940 1286 1139 1368 περιέπταιον
1153 1291 1220 1359 τοῖς
1239 1282 1408 1364 πολεμίοις.
1518 1241 1520 1396 y

322 1384 497 1450 καὶταῦτα
520 1388 581 1465 μὲν
600 1388 660 1469 τῆς
678 1380 788 1459 νυκτός
807 1381 937 1470 άπάσης
958 1381 1104 1466 ἐγίγνετο·
1132 1376 1193 1467 ἤδη
1214 1384 1251 1446 δὲ
1273 1384 1333 1444 τοῦ
1353 1375 1447 1467 sip-ro

321 1488 404 1569 θρου
430 1487 689 1569 χαρασσομένου,
718 1486 773 1546 καί
803 1484 924 1568 ἡμέρας
950 1480 1154 1567 ἐπιφανείσης
1161 1532 1171 1563 ,
1206 1475 1319 1545 αάτίκα
1344 1484 1410 1545 τῶν

320 1584 512 1664 Διλιμνιτῶν
534 1580 564 1645 οἱ
582 1580 753 1664 σωζόμενοι
782 1582 1009 1665 ἐπεγίγνωσκον
1035 1577 1092 1655 τάς
1109 1578 1255 1664 πορείας,
1276 1578 1332 1643 καί
1350 1578 1409 1644 ist

294 1686 387 1753 creir
406 1682 576 1767 Περσικῶν
593 1677 684 1745 ἔθεον
701 1679 959 1765 στρατευμάτων,
981 1680 1166 1762 ἐγκειμένων
1182 1676 1346 1765 σφίσικαὶ
1364 1674 1409 1753 ὥς

320 1782 384 1844 τῶν
403 1781 573 1865 Σαβείρων.
595 1777 708 1861 Βάβας
728 1780 763 1841 δὲ
779 1777 796 1842 ό
815 1776 1002 1864 στρατηγός,
1025 1773 1058 1854 ὃς
1077 1776 1116 1861 δὴ
1132 1778 1195 1841 τῶν
1212 1777 1246 1840 ἐν
1263 1778 1303 1862 τῇ
1321 1780 1408 1839 Κολ-

319 1878 389 1961 χίδι
404 1874 495 1965 χοόρρι
511 1874 687 1962 ἱδρυμένων
702 1875 882 1941 ἐκπλείστου
905 1877 1079 1958 Ῥωμαίων
1102 1876 1225 1960 ἦγεῖτο,
1259 1868 1329 1937 ἄλλ’
1352 1865 1446 1939 ori-15

319 1976 375 2049 τός
395 1999 430 2058 γε
449 1973 609 2057 όΒάβας·
622 1976 636 2061 ί
645 1973 797 2059 ἐτύγχανε
819 1974 880 2059 γάρ
898 1978 934 2041 ἐν
946 1979 991 2065 τῷ
1007 1976 1078 2041 τότε
1098 1972 1176 2039 κατά
1197 1971 1256 2058 τὴν
1273 1974 1408 2059 Ἀρχαι-

321 2072 428 2137 όπολιν
452 2072 741 2164 -διανυκτερεόσας,)
764 2076 809 2163 τῷ
823 2078 883 2155 μὲν
904 2076 1033 2164 θορύβῳ
1047 2076 1102 2140 καί
1116 2076 1154 2160 τῇ
1171 2077 1230 2161 βοῇ
1250 2069 1408 2162 πάντοθεν

318 2176 568 2256 περιεβομβεῖτο.
591 2174 651 2246 ἓως
668 2174 701 2237 δὲ
719 2173 830 2247 σκότος
848 2168 887 2257 ἦν
908 2173 964 2238 καὶ
983 2170 1098 2257 άδηλία
1117 2176 1180 2237 τῶν
1198 2173 1408 2253 ποιουμένων,

321 2267 389 2333 ὅδὲ
407 2268 529 2357 άφασίρι
544 2266 645 2351 εἴχετο
656 2274 767 2357 πολλῇ,
788 2270 844 2335 καί
858 2270 949 2337 ἔνδον
964 2269 1091 2358 ἠρέμει·
1113 2268 1156 2347 οἷς
1175 2272 1221 2351 δέ,
1243 2270 1302 2334 τοῦ
1312 2268 1407 2353 ἡλίου

320 2363 557 2457 ἐπαυγάσαντος
579 2365 637 2443 τάς
654 2370 852 2455 άκρωρείας,
872 2375 994 2435 κατεῖδε
1011 2369 1047 2434 τό
1072 2366 1198 2457 άτρεκὲς
1216 2370 1279 2433 τῶν
1298 2374 1447 2432 asico-ro

319 2468 439 2548 μόνων,
460 2465 516 2531 καί
531 2462 607 2542 τοός
621 2467 810 2548 Διλιμνίτας
828 2466 891 2531 όπό
906 2471 970 2534 τάν
985 2471 1150 2553 Σαβείρων
1167 2468 1408 2549 ἐλαυνομένους,

317 2563 387 2629 τότε
404 2568 439 2630 δὲ
455 2567 511 2629 καί
530 2563 626 2641 αόυός
647 2565 816 2650 ἐκδραμών
832 2571 891 2630 τοῦ
915 2561 1027 2644 άστεος
1052 2565 1122 2650 άμα
1157 2570 1202 2656 τῷ
1214 2561 1410 2650 ξυμπαρόντι

284 2659 434 2752 Βόμίλιρ,
456 2666 512 2728 οὐκ
531 2661 699 2746 ἐλάχιστόν
720 2687 752 2728 τι
772 2667 879 2731 αὐτῶν
899 2666 1092 2755 διεχρήσατο
1112 2671 1229 2754 μέρος,
1250 2665 1294 2743 ὥς
1313 2662 1409 2746 μόλις

392 2823 417 2874 8.
446 2817 501 2886 ὅπη
521 2825 551 2876 R.
609 2823 648 2892 τίη.
677 2823 877 2898 δστρατηγῶν
894 2831 924 2882 R.
996 2824 1029 2894 sb}
1057 2845 1108 2880 om.
1139 2829 1169 2881 R.
1226 2825 1268 2886 15.
1286 2812 1355 2875 άλλά
1375 2824 1407 2874 R.

322 2959 486 3011 eontrarium
503 2977 594 3024 versa,
616 2962 646 3013 in
670 2980 774 3015 sumana
799 2966 907 3018 consilii
931 2966 1025 3035 inopia
1041 2975 1070 3020 et
1088 2962 1297 3036 perturbatione
1311 2978 1404 3013 rerum

320 3029 502 3081 versabantur.
538 3029 635 3102 Neque
659 3035 731 3085 enim
749 3036 832 3086 facile
850 3037 916 3106 ipsis
935 3046 994 3089 erut
1012 3038 1103 3107 fugam
1125 3050 1288 3104 capessere,
1314 3032 1345 3084 in
1364 3048 1408 3081 ar-

321 3108 394 3150 ctum
419 3102 536 3163 coactis,
557 3119 648 3172 noque
671 3105 735 3154 satis
756 3103 848 3157 hostes
872 3106 1026 3160 internosse
1044 3115 1188 3178 poteraut,
1220 3110 1317 3173 utpote
1345 3118 1408 3152 cum

315 3178 400 3222 -uocte
420 3179 447 3222 et
468 3179 543 3221 metu
562 3171 766 3226 conflictantes
793 3177 893 3229 Passim
910 3177 1004 3250 itaque
1023 3196 1039 3228 a
1061 3179 1164 3230 Sabis-is
1183 3172 1406 3234 trucidabantur,

317 3257 356 3290 ue
376 3249 481 3302 tentata
498 3241 668 3310 quidem‘sui
688 3242 865 3312 defensione3
884 3257 966 3318 atque
988 3249 1138 3318 octingenti
1158 3243 1271 3316 quidem
1286 3242 1338 3293 viri
1358 3241 1407 3291 in-

320 3317 362 3361 tra
381 3318 464 3362 castra
482 3313 638 3379 perierunt,
649 3315 757 3384 rciiqui
769 3316 922 3369 difficulter
939 3319 1025 3387 elapsi
1046 3319 1160 3388 qrausim
1177 3313 1323 3375 errabant,
1353 3327 1405 3362 ne-

321 3381 372 3430 scii
390 3382 470 3448 plane
489 3399 542 3450 quo
563 3399 592 3433 se
612 3385 784 3449 conferrentr
811 3398 925 3458 eumque
954 3390 1007 3438 iam
1041 3389 1138 3457 procul
1164 3385 1303 3453 aufugisse
1328 3380 1405 3433 vide-

320 3459 431 3514 rentur,
458 3452 614 3504 circumacti
636 3468 729 3506 rursus
751 3459 785 3507 et
811 3458 908 3509 eodem
932 3459 1047 3525 relapsi,
1069 3461 1102 3509 in
1118 3456 1210 3509 hostes
1230 3450 1403 3504 incidebant.

314 3521 378 3572 -Hoc
402 3529 481 3590 paeto
496 3527 556 3572 tota
572 3523 621 3580 illa
635 3533 749 3576 nonest
767 3535 910 3579 transuta.
955 3529 1035 3579 Mane
1052 3546 1116 3580 vero
1135 3545 1195 3578 cunr
1215 3524 1269 3575 iam
1294 3523 1405 3572 illuxis—
1474 3557 1476 3561 .

319 3599 370 3653 set,
389 3592 532 3642 confestim
552 3594 599 3662 qui
618 3605 777 3662 supererunt
794 3597 955 3648 Dilimnitae
972 3602 1118 3668 recognitis
1136 3598 1187 3648 viis
1204 3603 1280 3647 reeta
1297 3592 1333 3644 ad
1344 3592 1404 3642 Pen-

277 3669 281 3676 “
318 3677 409 3712 sarum
428 3667 513 3713 eastra
531 3668 719 3727 cucurrerunt,
743 3667 971 3735 persequentibus
988 3670 1061 3735 ipsos
1072 3668 1253 3720 nihilominus
1274 3672 1403 3731 tergaque

321 3733 510 3796 prementibus
526 3731 638 3783 Sabiris.
664 3735 749 3786 Babae
765 3736 869 3786 interea
884 3738 1047 3806 praefectus,
1066 3741 1114 3809 qui
1130 3741 1184 3789 iam
1198 3735 1263 3786 iude
1281 3752 1297 3786 a
1315 3732 1402 3782 multo

321 3807 443 3867 tempore
460 3805 650 3867 Romanorum,
666 3804 714 3875 qui
736 3804 889 3858 Colchicam
911 3811 1049 3876 regionem
1068 3809 1198 3872 insident,
1226 3804 1281 3855 dux
1299 3803 1402 3864 fuerat,

322 3885 383 3920 curu
401 3873 496 3939 perid
523 3875 652 3944 temporis
667 3874 848 3944 Archaeopoii
869 3885 1069 3946 pernoctasset,
1096 3888 1125 3931 et
1144 3875 1277 3930 tumuitus
1297 3890 1329 3923 ac
1347 3872 1403 3942 cia-

321 3955 380 3990 mor
388 3941 476 4010 ipsum
489 3947 563 3996 omni
582 3961 615 3996 ex
628 3953 705 4014 parte
718 3948 970 4013 circumtonuisset3
988 3950 1118 4020 quamdiu
1131 3949 1261 4002 tenebrae
1274 3950 1361 4005 erant,
1375 3949 1404 3993 et

322 4009 390 4080 quid
412 4021 535 4079 ageretur
552 4016 673 4068 incertus
689 4025 774 4080 esset,
794 4019 903 4089 quietus
921 4020 1075 4092 tacitusque
1091 4021 1133 4072 ibi
1152 4018 1312 4076 subsistens,
1327 4014 1401 4064 intus

322 4081 532 4134 recontinebat.
545 4085 720 4156 Simulatque
735 4103 801 4140 vero
817 4089 860 4140 soi
874 4089 1007 4142 montium
1031 4093 1103 4162 iugis
1121 4091 1237 4149 affulsit,
1252 4099 1316 4135 vere
1334 4079 1402 4153 quid

319 4158 444 4221 ageretur
457 4157 617 4221 prospexit„
638 4157 796 4212 Dilimnitae
811 4161 943 4212 nimirum
963 4177 979 4211 a
998 4161 1139 4214 Sabirisf
1170 4161 1219 4211 ari.
1257 4155 1328 4206 Tum
1346 4153 1401 4202 ita·

317 4237 373 4293 que
396 4222 477 4276 etiarn
503 4223 562 4292 ipse
586 4225 654 4281 uibe
682 4232 781 4284 erum
807 4242 870 4284 curn
894 4233 1010 4304 agmine,
1035 4231 1147 4304 quoda
1189 4240 1299 4282 manum
1320 4228 1399 4285 erat,
