3109 4950
200 778 571 867 Arauros
631 719 1252 863 utenturtttor

541 921 842 989 ΙΣΤΟΡΙΩΝ
877 923 918 987 Δ.

203 1076 632 1181 AGATHIAE
700 1063 1248 1167 SCHOLASTICI

277 1247 283 1256 Δ
462 1220 766 1337 ulsaonmaun
788 1221 914 1286 LtBER
934 1223 990 1290 ιν.

596 1500 853 1555 ARGUMENTUM.

252 1630 389 1686 Iudicium
407 1626 441 1685 de
459 1624 544 1685 caede
557 1626 686 1692 Gubazis,
703 1630 858 1683 Athanasio
873 1632 1040 1705 quaesitore,
1058 1624 1269 1706 instituitur(1).

184 1706 302 1758 Primum
320 1704 475 1755 Iustiniani
492 1703 604 1755 litterae
625 1701 664 1753 ad
679 1702 809 1775 Rufinum
827 1702 928 1765 datae,
946 1704 1046 1774 quibus
1064 1705 1200 1759 Gubazem
1213 1709 1270 1773 aya

182 1778 307 1829 santium
330 1775 404 1825 mitti
429 1776 565 1834 iusserat,
585 1774 742 1825 recitantur
754 1772 802 1844 (s)
840 1776 938 1826 Oratio
956 1787 1148 1827 accusatorum
1165 1774 1270 1827 adver-

180 1862 230 1897 sus
245 1844 376 1916 Rufinum
391 1856 418 1895 ct
434 1844 568 1895 Ioannem
584 1841 621 1911 (3,
636 1842 662 1909 4,
680 1842 706 1905 5,
725 1841 761 1913 6).
801 1845 853 1895 Vis
878 1841 980 1896 sedatis
996 1845 1076 1914 vulgi
1093 1844 1269 1905 clamoribus,

181 1917 213 1969 tn·
230 1916 315 1984 longa
341 1914 469 1965 oratione
495 1930 523 1965 se
542 1909 694 1983 defindunt
709 1910 746 1981 (7,
765 1916 791 1973 8,
807 1930 834 1981 9,
853 1913 902 1983 ιο).
942 1915 1034 1966 Causa
1054 1914 1192 1985 utrimque
1206 1927 1294 1985 per*x

183 1998 284 2045 orata,
308 1982 476 2037 Athanasius
499 1999 560 2034 reos
585 1980 732 2035 damnatos
754 1979 795 2033 ad
820 1983 985 2053 supplicium
1007 1981 1074 2035 duci
1097 1985 1174 2036 iubet
1203 1982 1270 2055 (ιι)

182 2054 407 2108 Misimianorum
423 2052 510 2122 legati
524 2053 661 2105 auxilium
677 2066 800 2122 petentes
816 2055 933 2105 comiter
947 2072 966 2105 a
978 2053 1183 2123 Naaboragane
1196 2057 1271 2109 esci-

180 2126 298 2196 piuntur
315 2122 379 2191 (12).
415 2123 577 2192 Insequenti
597 2140 673 2175 anno
694 2124 829 2184 Romani,
849 2126 955 2176 Baraza
973 2137 1001 2176 et
1016 2122 1169 2175 Pbarsantc
1189 2122 1271 2176 duci-

182 2196 252 2257 bus,
273 2192 443 2247 Misimianis
462 2194 561 2245 bellum
588 2192 730 2263 inserunt:
755 2196 787 2245 in
804 2193 916 2265 finibus
934 2194 1104 2264 Apsiliorum
1121 2195 1270 2247 Persarum

181 2265 319 2319 exercitus
337 2263 372 2315 iis
390 2262 503 2315 obuiam
523 2264 603 2316 uenit
618 2262 682 2333 (13).
717 2264 836 2316 Romani
854 2266 971 2316 Hunnos
988 2264 1106 2315 Sabiros
1122 2261 1175 2315 boe
1193 2282 1270 2315 anno

181 2354 242 2389 cum
258 2334 351 2388 Persis
368 2333 519 2385 militantes
537 2352 571 2387 es
589 2334 740 2403 improuiso
756 2332 851 2385 adoni
862 2334 1037 2386 uehementer
1046 2344 1183 2399 premunt3
1202 2334 1271 2388 Per-

180 2424 272 2458 sarum
306 2403 431 2457 cacrcitu
458 2406 671 2475 superveniente
695 2400 829 2455 recedunt
849 2400 913 2474 (14).
959 2404 1073 2455 Interim
1100 2404 1269 2467 Elminzur‚

179 2475 237 2529 dua
255 2478 437 2530 Romanorum
464 2493 482 2527 a
506 2475 613 2528 Iustino
631 2478 744 2537 missus,
761 2470 956 2544 Rhodopoiin,
974 2475 1104 2539 Ipzicum
1122 2471 1269 2544 oppidum,

179 2567 199 2601 a
218 2548 314 2599 Persis*
340 2547 406 2598 olim
425 2559 631 2616 expugnatum,
660 2545 753 2597 subito
779 2562 925 2614 aggressus
952 2555 1076 2613 occupat.
1112 2544 1272 2596 Misimiani

178 2619 285 2688 legatas
299 2615 466 2685 Apsiliorum
482 2617 562 2685 pacis
578 2633 663 2669 causa
682 2635 699 2668 a
714 2615 844 2667 Romanis
859 2618 955 2671 missos
968 2611 1099 2668 occidunt
1110 2613 1175 2685 (15).
1192 2616 1270 2668 .Ira·

180 2689 204 2739 ti
228 2687 346 2739 Romani
359 2686 434 2758 sines
450 2703 543 2738 eorum
562 2683 704 2738 invadunt
721 2697 747 2738 et
772 2685 922 2737 exercitum
939 2688 1065 2738 vincunt.
1104 2684 1178 2739 Victi
1197 2685 1271 2740 Tza-

107 2813 112 2820 ,
171 2755 269 2820 clear,
288 2757 428 2808 castellum
445 2756 671 2816 munitissimum,
690 2773 718 2809 se
736 2757 879 2827 recipiunt
894 2754 960 2827 (16).
999 2753 1080 2823 Quod
1088 2756 1208 2808 Ilomani
1225 2773 1270 2810 se-

179 2829 277 2896 gniter
293 2825 446 2879 obsidentes
471 2824 506 2876 ab
526 2828 636 2878 Ioanne
660 2825 781 2888 Dacna,
808 2844 888 2894 quem
907 2826 1052 2879 Martinus
1069 2825 1109 2877 ad
1124 2844 1170 2879 eos
1187 2829 1270 2880 mise·

180 2909 237 2961 rat,
263 2913 338 2948 nouo
367 2895 459 2950 studio
486 2897 644 2949 incitantur
664 2896 732 2965 (17).
771 2895 886 2949 Centum
912 2913 1018 2959 eorum,
1045 2896 1099 2947 Illo
1118 2894 1198 2958 duce,
1220 2913 1269 2950 ex·

176 2967 290 3037 plorato
310 2967 420 3029 itinere,
439 2963 479 3021 ad
494 2964 624 3036 oppidum
642 2966 691 3017 sub
709 2967 769 3035 ipsa
787 2982 852 3018 arce
880 2967 962 3019 situm
986 2978 1070 3018 noctu
1095 2963 1269 3018 adscendunt

176 3037 245 3107 (18).
284 3036 483 3107 Oppressispcr
500 3041 590 3089 noctis
613 3037 741 3088 tenebras
760 3033 937 3097 custodibus,
958 3051 1050 3087 omnes
1075 3036 1184 3088 incolas
1203 3052 1266 3087 eru-

177 3107 314 3162 letissime
333 3103 478 3160 trucidant
491 3103 555 3176 (19).
592 3102 647 3157 Sed
663 3107 719 3176 ipsi
726 3106 812 3175 paulo
820 3118 883 3176 post
900 3124 918 3156 a
928 3104 1098 3158 Misimianis
1115 3122 1175 3156 cum
1188 3121 1266 3174 mag·

178 3196 216 3233 na
235 3175 314 3232 clade
335 3174 531 3230 detruduntur.
568 3177 759 3230 Verumtamen
784 3177 915 3228 Romanis
938 3173 1029 3226 nihilo
1057 3172 1146 3224 secius
1164 3175 1264 3226 castel-

176 3248 233 3298 lum
253 3247 486 3330 oppugnantibus,
503 3245 660 3300 Misimiani
675 3263 769 3317 pacem
789 3257 883 3305 orant,
901 3261 984 3315 quam
1001 3246 1121 3297 Ioannes
1138 3241 1266 3296 concedit

179 3315 233 3387 πο).
268 3319 494 3372 Misimianorum
521 3317 603 3370 rebus
626 3317 798 3386 compositis,
829 3315 1002 3367 Iustinianus
1027 3331 1156 3364 summum
1179 3315 1266 3383 impe-

178 3387 250 3440 rium
267 3389 392 3448 Martino
410 3387 573 3458 abrogatum
592 3386 698 3438 Iustino
717 3384 807 3439 tradit
818 3383 883 3456 (ut).
919 3386 1039 3436 loannes
1056 3381 1170 3452 quidam
1188 3383 1265 3453 Afer,

177 3455 264 3508 versia
291 3475 308 3508 a
334 3459 441 3511 Iustino
467 3459 623 3527 impetrata,
642 3455 753 3525 nefario
772 3453 837 3508 dolo
855 3473 874 3506 a
889 3453 1114 3524 prouincialibus
1149 3453 1265 3507 ecunias

178 3523 267 3593 exigit
287 3523 351 3598 (aa).
397 3527 530 3581 Cbosroes
553 3525 784 3593 Naaboraganem
815 3537 929 3596 propter
955 3523 1061 3578 sladem
1092 3543 1108 3574 a
1158 3522 1264 3576 Phasin

177 3594 272 3646 urbem
299 3610 438 3665 acceptam
467 3599 612 3652 excoriari
635 3597 711 3650 iubet
730 3594 795 3667 (23).
838 3597 979 3664 Digressio
1002 3593 1036 3648 de
1060 3593 1131 3645 noui
1154 3593 1263 3648 Persici

176 3665 288 3733 imperii
306 3667 414 3729 regibus
435 3665 546 3737 (2425,
561 3671 604 3728 26,
622 3685 665 3737 27,
683 3664 735 3736 28).
771 3664 901 3727 Cabadis,
919 3665 1063 3718 Persarum
1078 3663 1260 3787 regis‚L[ttta
1360 3682 1362 3684 ·

175 3753 238 3788 cum
254 3735 391 3788 similibus
404 3738 528 3791 Zenonis
544 3737 639 3790 Isauri
658 3749 685 3790 et
697 3737 811 3808 Nepotis
826 3736 935 3790 casibus
947 3745 1151 3806 comparantur.
1198 3733 1261 3788 bos-

175 3806 252 3866 rois,
273 3807 419 3857 nouissimi
444 3809 526 3872 regis,
544 3808 668 3876 ingloria
694 3825 766 3858 mors
786 3805 852 3876 (29).
888 3805 980 3873 Sergii
1008 3805 1168 3887 interpretis
1192 3803 1260 3857 dili-

173 3875 269 3942 gentio
299 3872 445 3929 laudatur.
470 3877 602 3930 Citosroes
616 3895 666 3945 per
686 3877 802 3930 Ziclsum
824 3877 944 3948 legatum
966 3875 1130 3943 Byzantium
1149 3875 1259 3930 missum

173 3944 304 4000 inducias
325 3963 387 4000 cum
413 3947 572 4003 Iustiniana
601 3946 756 4018 paciscitur
769 3945 834 4017 (30).

575 4117 862 4134 W
