3109 4950
344 317 430 402 δυο
776 339 987 408 ΑολΤΗΙΑΕ

198 509 230 572 ri.
241 503 272 572 d
283 515 334 570 558
346 493 547 582 ρατεόιεσθαι
560 495 605 580 μή
622 497 803 578 δαιόμενον,
820 496 942 572 ἆλλέἶς
955 492 1051 560 ἑαυτό
1067 474 1337 582 πόριελιπόμενον.
1352 493 1430 572 τούς

240 588 336 644 ω’
346 597 383 659 δὲ
398 593 565 681 ἀγροίκους
576 595 698 658 ἐκέλευε
713 596 768 658 καί
779 597 845 658 τοῖν
861 593 966 660 ἀσταῖν
988 592 1062 670 τούς
1079 593 1225 678 [πολλούς
1240 597 1316 678 τοῖς]
1332 601 1427 658 πολε-

336 697 423 774 μιόις
447 694 639 774 ἐπιβοῶντος
656 690 749 778 τορόν
768 714 801 756 τι
820 690 876 757 κατ’
894 694 1149 778 ἐπικρατοῦντας,
1179 696 1312 758 ἕπεσθαι
1330 693 1420 779 αύτῷ

312 788 421 860 cir-ta
440 793 495 855 καί
518 787 572 854 ἴοι.
611 785 678 870 ἅμα
705 788 764 876 γὰρ
797 799 861 866 τοῖς
881 795 999 864 λοιποῖς
1019 791 1051 864 ἐς
1069 792 1166 870 μέσον
1194 788 1348 872 εἱστήκει,
1377 788 1424 864 ὥς

341 885 400 971 τήν
415 891 548 972 ἐσβολήν
563 889 599 950 ἐκ
615 888 672 952 τού
679 890 841 974 ἐμφανοῦς
856 884 1059 968 ἐκδεξόμενος.
1079 887 1123 962 τός
1136 889 1172 951 δέ
1187 879 1261 970 ἧκον
1279 879 1351 971 ήδη,
1371 886 1445 954 καὶὸ

341 989 375 1064 ἐς
394 984 434 1051 τό
455 986 564 1069 πρόσω
585 989 764 1073 χωροῦντες
782 984 857 1051 εἴσω
878 988 941 1050 τάν
961 985 1062 1070 λόχων
1083 987 1111 1050 οἱ
1131 991 1269 1050 πλεῖστοι
1288 984 1427 1069 ἐγίγνον-

345 1107 405 1166 το,
438 1084 555 1150 αύτίκα
575 1082 762 1167 Βελισόριος
791 1078 859 1165 ἀμα
886 1093 950 1160 τοῖς
975 1083 1058 1168 ἀμφ’
1087 1080 1184 1148 αύτδν
1213 1077 1424 1164 ἀντιμέτωπος

343 1181 543 1258 ὑπαντιάσας
562 1182 735 1268 σονέῤῥαξό
764 1203 876 1268 σφισιν
894 1181 1162 1270 ἐρρωμενέστατα·
1184 1183 1218 1246 οἳ
1231 1205 1265 1246 τε
1283 1174 1426 1265 ἄγροικοι

342 1286 399 1348 καὶ
425 1279 460 1346 τό
490 1281 598 1345 λοιπόν
627 1275 712 1345 ἀπαν
731 1285 852 1364 πλῆθος
880 1282 1069 1364 ἐμβοῶντες,
1104 1278 1159 1344 καί
1185 1279 1425 1354 ἐπικτυποῦντες

341 1389 407 1456 τοῖς
428 1379 542 1460 ξύλοις,
563 1375 585 1440 ἀ
606 1379 646 1463 δή
669 1381 702 1454 ἐς
720 1379 812 1444 τούτο
833 1376 966 1465 ἔφερον,
995 1373 1235 1463 παριδάρσυνον
1261 1375 1335 1454 τούς
1363 1403 1461 1458 rra-10

339 1479 506 1560 χομὲνους.
541 1479 688 1553 δοθέντος
716 1479 751 1543 δὲ
771 1479 830 1542 τοῦ
850 1473 1065 1562 συνθήματος,
1095 1477 1149 1540 καὶ
1169 1473 1208 1558 δή
1231 1471 1260 1538 οἱ
1281 1466 1371 1538 ἀλλσι
1393 1477 1427 1538 ἐκ

342 1579 407 1642 τῶν
426 1578 584 1662 κρυπτίων
605 1570 834 1661 ἀναθορόντες,
859 1573 933 1650 τούς
953 1580 1025 1640 καθ’
1048 1571 1167 1649 αύτούς
1186 1569 1327 1658 ἑκάτεροι
1348 1571 1430 1638 sard

345 1673 383 1740 τό
405 1674 568 1760 ἐγκόρσιον
588 1671 728 1755 ἔβαλλον·
760 1673 820 1757 βοή
841 1697 874 1738 τε
895 1676 1031 1758 ἐγίγνετο
1043 1667 1107 1738 καί
1125 1670 1249 1758 ταραχή
1267 1674 1388 1754 μείζων
1410 1667 1430 1758 ή

343 1772 424 1838 κατὰ
451 1771 489 1838 τό
510 1775 643 1856 μέγεθος
661 1775 718 1836 τού
737 1765 886 1853 πολέμου.
934 1770 963 1838 οἱ
988 1775 1022 1836 δὲ
1042 1771 1199 1858 βάρβαροι
1218 1767 1371 1834 πάντοθεν
1394 1766 1430 1835 ἀ-

309 1868 563 1952 Ιλκοντιζόμινοι,
580 1872 673 1934 τοῦτο
692 1868 730 1954 δή
753 1864 827 1956 όπερ
847 1868 1036 1956 Βελισάριος
1060 1866 1215 1954 διενοήθη,
1235 1869 1280 1945 εἰς
1294 1865 1461 1946 ἐαυτούςιᾶ

343 1966 542 2054 ἀνεχώρουν,
572 1967 627 2035 καὶ
645 1970 690 2045 εἰς
710 1969 880 2054 στενότητα
910 1969 1189 2054 συνεσπειραμένοι
1200 2019 1211 2050 ,
1240 1963 1428 2049 ἀμύνασθαι

344 2067 402 2131 ούκ
422 2062 587 2151 ήδύναντο·
611 2062 681 2134 δότε
711 2069 772 2153 γάρ
795 2069 931 2145 τοξεύειν
953 2063 1061 2144 αύτοῖς
1088 2068 1215 2144 εύπετὲς
1234 2067 1358 2152 ύπήρχε
1387 2070 1430 2158 τῷ

347 2168 430 2251 μηδὲ
448 2163 657 2253 χοόρανεῖναι
677 2176 742 2243 τοῖς
761 2169 895 2251 βέλεσιν,
917 2166 997 2232 ἀλλά
1018 2165 1077 2252 γὰρ
1101 2158 1171 2230 urire
1192 2163 1345 2251 ἐκδρομὰς
1365 2175 1431 2244 τοῖς

344 2262 451 2339 ἵπποις
471 2264 527 2330 καὶ
545 2264 774 2353 ύπιρκεριόσεις
794 2271 961 2331 ποιεῖσθαι·
983 2263 1083 2352 κύκλῳ
1097 2287 1130 2330 τε
1150 2263 1280 2330 ἐδόκουν
1296 2259 1431 2346 ἔχεσθαι

345 2363 390 2441 αός
410 2363 449 2450 δή
470 2366 605 2454 μεγίστῳ
629 2367 844 2451 στρατεύματι
863 2361 1099 2450 ἀπειλημμένοι.
1119 2365 1153 2429 οἵ
1163 2387 1197 2429 τε
1216 2360 1275 2447 γὰρ
1297 2354 1465 2434 &numm
1499 2445 1500 2449 η

346 2459 407 2531 σύν
426 2464 598 2554 ἀλαλαγμῷ
618 2464 842 2552 ἐπιφερόμενοι
871 2462 926 2529 καὶ
947 2464 1085 2553 πατόγη),
1107 2462 1249 2547 ἔκπληξιν
1270 2470 1432 2549 παρεῖχον·

347 2557 366 2627 ό
394 2588 430 2629 τε
457 2564 614 2652 κονιορτός
642 2567 687 2640 εἰς
713 2561 797 2647 ύιμος
813 2560 980 2650 αἰρόμενος
999 2556 1035 2626 ori
1062 2564 1230 2649 ξυνεχώρει
1262 2562 1431 2645 διαγιγνώ-

416 2693 440 2729 2.
458 2673 554 2727 dordr
571 2669 638 2731 τούς
652 2672 695 2746 [π.
712 2670 746 2744 n}
760 2674 920 2743 πολεμίοις,
941 2671 1154 2738 sicemendav13
1178 2670 1239 2723 dot.
1260 2661 1329 2729 τούς
1345 2674 1433 2724 πολε·
1498 2730 1499 2737 η

415 2748 500 2817 μίσος
514 2746 542 2795 R.
555 2753 582 2795 et
592 2744 662 2813 vulg.
738 2760 764 2811 9.
784 2744 951 2809 ἐπιβοῶντες
966 2744 994 2793 R.
1055 2745 1093 2795 16.
1109 2745 1370 2815 συνεσπειραμένοι
1388 2746 1432 2807 tt,
1498 2738 1499 2745 ’

418 2817 653 2885 συνεπειρημένοι
667 2813 753 2882 Lngd.
769 2822 797 2865 et
815 2812 856 2864 ed.
870 2828 921 2881 pn,
940 2812 1194 2885 συνεπειλημμένοι
1210 2814 1267 2867 Par.
1354 2810 1434 2885 ἀμόν

417 2888 527 2938 vander
544 2886 585 2946 tt,
609 2882 773 2955 ἀμύνεσθαι
791 2884 861 2953 vulg.

348 2980 463 3034 dilatare
482 2980 567 3031 eciem
579 2987 707 3048 possent,
727 2974 775 3029 sed
790 2978 819 3028 in
834 2976 937 3045 seipsos
957 2974 1095 3029 convoluti
1117 2976 1305 3049 implicatiqne
1329 2989 1430 3034 essent

348 3057 471 3121 Agrestes
487 3068 550 3102 vero
574 3058 603 3101 et
626 3050 675 3120 qni
694 3065 710 3100 e
730 3048 834 3099 civibus
859 3056 936 3099 erunt
955 3048 1028 3099 bello
1047 3048 1118 3116 apti,
1147 3048 1244 3111 iussit,
1270 3057 1302 3101 nt
1322 3052 1433 3121 ingenti
1497 3112 1498 3115 χ

348 3124 466 3174 clamore
479 3130 507 3173 et
521 3121 624 3189 fragore
642 3135 775 3170 armornm
788 3118 872 3181 edito,
883 3134 922 3180 se,
933 3135 987 3187 qno
1002 3120 1064 3180 iret,
1080 3125 1269 3189 sequerentur:
1288 3137 1350 3171 cnm
1368 3123 1436 3174 reli·
1497 3138 1498 3147 ¹

351 3194 413 3262 quis
430 3192 546 3243 enimin
564 3191 654 3244 medio
671 3190 839 3253 constiterat,
850 3196 977 3257 tunquam
989 3186 1110 3243 hostiurn
1128 3190 1259 3257 impetum
1271 3198 1370 3259 aperte
1387 3210 1436 3244 ex·

352 3271 487 3330 ceptnrus.
523 3261 590 3312 Cum
621 3269 712 3313 nutem
742 3261 798 3309 ium
826 3259 953 3310 venirent
978 3258 1102 3322 barbari,
1128 3260 1297 3331 ulteriusque
1319 3278 1437 3332 progre-

354 3334 462 3385 dientes
488 3333 560 3383 intra
586 3329 700 3382 insidias
726 3330 853 3399 plerique
876 3330 1079 3398 pervenissent,
1104 3329 1248 3381 iistisarius
1262 3332 1358 3383 statim
1375 3351 1439 3385 cnm
1496 3366 1497 3401 3

354 3405 406 3468 iis,
425 3403 474 3473 qui
498 3402 551 3469 ipsi
565 3401 693 3463 aderant,
715 3398 826 3451 adversa
848 3399 937 3450 fronte
954 3416 1105 3462 occurrens,
1119 3399 1316 3453 vsidissimum
1333 3404 1367 3455 in
1392 3420 1439 3455 eos
1496 3418 1497 3421 ’

354 3475 487 3543 impetum
511 3472 586 3534 fecit,
616 3478 645 3521 et
668 3479 784 3540 agrestes
809 3470 952 3539 omnisque
971 3470 1076 3538 reliqna
1090 3469 1237 3521 multitudo
1262 3472 1388 3526 clamore
1412 3480 1440 3525 et
1496 3480 1497 3487 ’

352 3544 500 3613 lignorum,
512 3558 651 3613 quaecum
661 3543 691 3593 in
698 3558 775 3591 usum
788 3536 936 3608 gestabant,
951 3540 1134 3608 complosione
1148 3540 1289 3610 refrigere
1306 3561 1442 3613 pugnan.

353 3614 428 3666 tibus
439 3612 542 3665 animos
551 3609 696 3664 addebant.
733 3612 803 3661 Dato
820 3625 883 3661 vero
898 3612 987 3679 signo.
999 3610 1078 3663 etiem
1096 3610 1144 3661 alii
1162 3628 1196 3662 ex
1215 3611 1326 3665 insidiis
1343 3616 1440 3683 prosi·

354 3684 463 3747 tientes,
477 3684 613 3752 utrimque
632 3681 804 3732 transversim
815 3680 844 3729 in
857 3678 949 3731 hostes
965 3690 1063 3748 ruunt;
1079 3681 1231 3751 clamorque
1253 3691 1281 3735 et
1299 3686 1440 3737 tumultus

355 3755 442 3807 maior
464 3768 545 3823 quem
572 3768 622 3821 pro
644 3752 743 3819 proelii
767 3767 809 3799 mn
827 3748 952 3811 nitudine
977 3759 1018 3802 est
1048 3751 1187 3803 excitatus.
1230 3752 1301 3805 Tum
1324 3755 1441 3807 barbari
1495 3788 1496 3817 η

357 3824 434 3875 omni
458 3842 492 3875 ex
511 3831 587 3893 perte
607 3822 703 3872 iaculis
726 3821 789 3882 icti,
808 3767 849 3889 dd
864 3818 1094 3887 quodBelissrius
1112 3823 1337 3891 praecogitent)
1363 3828 1441 3877 inse
1495 3850 1496 3867 1

356 3893 430 3960 ipsos
445 3893 639 3963 conglomerati
654 3901 682 3943 et
693 3893 833 3943 incretum
847 3888 950 3942 redacti
964 3908 995 3943 ac
1009 3909 1067 3943 com
1087 3893 1161 3956 ressi,
1177 3894 1249 3945 tueri
1266 3894 1441 3951 rebellando

356 3978 414 4014 non
429 3971 561 4029 poterent
597 3962 693 4047 Neque
715 3962 793 4023 enim
811 3960 937 4029 sagittare
960 3910 1099 4015 commode
1124 3970 1269 4031 poterent,
1292 3982 1357 4017 cum
1390 3984 1442 4017 ne-

358 4046 412 4102 que
427 4031 502 4083 loeus
521 4041 592 4094 esset
608 4034 681 4097 telis,
702 4048 793 4103 neque
810 4032 980 4085 excursiones
1001 4035 1079 4103 equis
1101 4039 1129 4086 et
1152 4034 1256 4085 alarum
1277 4036 1443 4089 circumdu-

358 4102 463 4155 ctiones
485 4102 571 4154 fecere
594 4112 738 4171 poterant3
760 4100 977 4171 videbanturque
995 4104 1080 4155 veluti
1102 4105 1218 4156 maximo
1234 4108 1364 4159 exercitu
1390 4108 1444 4159 cir·

359 4172 496 4229 eumventi
513 4178 542 4223 et
559 4172 589 4223 in
605 4174 699 4227 orbem
714 4173 805 4227 cincti.
840 4170 908 4223 Nam
930 4176 1019 4242 etqui
1041 4181 1116 4225 ster
1134 4192 1150 4225 ο
1170 4190 1267 4244 magno
1280 4176 1397 4229 ulutatu
1416 4184 1444 4229 et

359 4244 465 4315 {regere
474 4241 670 4311 resurgebant,
685 4252 817 4300 terrorem
830 4241 1016 4311 incutiebant,
1039 4252 1102 4315 etp
1136 4245 1175 4303 sis
1188 4246 1220 4299 in
1235 4246 1324 4300 altum
1344 4248 1443 4303 elatus
1494 4258 1495 4269 ³
