3109 4950
584 276 823 340 PRAEFATIO.
1195 281 1235 342 lll

153 429 459 492 rtitirsetancanlano‚
477 431 743 501 quemqnamexigor
756 448 817 501 rper
834 429 870 482 de
878 429 951 486 libro
967 437 1039 486 ecact
1052 435 1102 506 qni
1117 433 1168 486 rob
1184 451 1234 488 an·

149 555 225 594 mun
239 535 315 608 1594.
323 534 422 592 frustra
436 531 533 586 lairret
549 533 705 604 requiritur,
720 533 776 587 adii
792 543 885 588 tamen
896 553 947 606 per
960 536 1065 589 litterae
1074 537 1235 603 Pretorium,

154 659 182 698 r.
203 641 250 704 el,
273 641 297 691 ci
313 637 385 693 forte
400 633 486 688 codex
502 635 554 688 iate
570 637 702 701 inveniri,
719 645 819 710 atqua,
835 638 886 689 illo
900 640 1080 704 conciliante,
1096 641 1236 694 nunccine

152 762 172 796 a
192 747 322 804 Praetorc
341 747 426 810 atque
447 739 646 794 Decurionibus
666 741 788 796 obtineri
807 749 908 812 portet.
933 743 995 812 Egit
1009 743 1148 796 Pnarovina
1167 752 1237 796 otre-

155 847 292 899 nniacime
304 862 335 896 ac
348 843 505 896 felicissime
519 860 625 896 caucam
638 859 740 909 meam,
758 861 807 898 een
821 845 913 915 potine
932 846 1101 905 litterarum.
1123 863 1238 918 quamn

156 949 242 1004 lande
254 949 334 1001 floret
340 949 414 1016 ipse:
432 961 524 1015 neque
535 948 638 1002 minore
648 948 790 1002 volontate
801 965 865 1002 uana
874 966 933 1002 rum
945 957 1054 1002 cenatur
1069 948 1236 1020 splendidio-

154 1053 224 1104 einri
250 1050 411 1119 manicipii;
433 1064 488 1119 quo
512 1049 626 1104 iubente
654 1049 739 1104 codex
753 1049 807 1105 lanc
829 1053 1001 1106 mmmlccua
1026 1060 1076 1104 eat
1110 1053 1179 1105 lium
1193 1052 1238 1104 bio

160 1153 339 1215 contulimus,
371 1167 407 1204 ne
422 1151 491 1222 quid
506 1169 561 1206 non
582 1153 800 1210 animadvertam
820 1163 988 1210 remaneret:
1014 1171 1079 1208 nam
1094 1156 1182 1226 primo
1206 1154 1236 1209 id

158 1257 377 1310 lecitClasrenuo
387 1256 477 1310 solua:
494 1253 593 1312 deinde
601 1257 700 1310 iterum
709 1265 737 1312 et
749 1257 799 1310 ille
810 1264 840 1310 ct
850 1275 910 1330 ego;
918 1256 1081 1312 bacratione
1089 1265 1121 1312 ut
1131 1273 1181 1329 per
1192 1256 1234 1310 ri·

164 1377 207 1412 ees
217 1361 284 1412 alter
296 1361 455 1428 impreorum
469 1358 537 1410 alter
549 1361 677 1430 aorlptum
691 1359 812 1414 codicem
820 1367 867 1414 rut
877 1362 1101 1432 preelegeretaut
1117 1360 1236 1430 inspice-

162 1469 213 1523 tet.
232 1463 328 1532 ltaque
338 1461 367 1514 id
378 1461 514 1533 apondere
525 1461 612 1515 endec
618 1463 649 1516 in
662 1460 714 1516 bor
722 1480 822 1533 genere
832 1462 904 1518 nibll
920 1464 1067 1534 deripuere
1081 1465 1236 1518 recentior.

235 1567 290 1618 Iam
302 1581 365 1619 vero
380 1565 494 1616 collecto
507 1565 670 1636 amplierimn
683 1566 810 1620 lectionia
820 1571 959 1632 verietate,
973 1583 1057 1640 qaum
1073 1565 1158 1620 exbla
1166 1582 1238 1638 quae

167 1669 223 1737 ipae
241 1665 388 1728 Vulcanius
400 1643 508 1722 detetur
523 1667 679 1738 colligerem
692 1668 847 1740 typothetae
865 1687 1062 1742 nonnunquam
1081 1671 1112 1722 in
1126 1670 1239 1740 erpedl·

159 1771 233 1832 enda
255 1772 368 1835 codicis,
384 1774 433 1843 qui
456 1787 529 1823 nnnc
544 1773 572 1824 in
589 1771 760 1842 Lugdunenol
774 1771 944 1828 bibliotheca
960 1779 1089 1837 terretur,
1107 1773 1240 1844 rcripturo

162 1874 374 1938 enarrepralde
388 1873 516 1945 optabam
531 1875 688 1928 utvarietao
704 1872 884 1945 llchdigerani
898 1875 964 1930 libri
986 1893 1047 1930 cnm
1065 1873 1240 1946 Lugduncnci
1277 1867 1282 1874 ¹

161 1976 284 2040 eonlcrri
307 1986 404 2044 portet
446 1977 541 2049 Neque
555 1976 617 2030 ¹lroc
639 1993 728 2031 meum
746 1976 913 2036 desiderium
933 1979 1033 2032 lruetro
1055 1993 1240 2046 europaeorum

162 2085 206 2130 ert
224 2078 391 2132 incredibile
407 2079 512 2144 Geelii,
528 2095 551 2131 v.
569 2079 601 2132 cl.
620 2079 782 2146 litterarum,
807 2097 875 2152 quaa
893 2089 949 2134 torn
965 2081 1070 2152 egregie
1094 2087 1174 2133 ornat
1193 2096 1240 2139 er·

163 2182 295 2251 colitque,
318 2183 392 2234 omni
409 2185 547 2236 occarione
567 2181 658 2234 oblnta
675 2181 851 2236 iuvandarum
866 2181 1041 2247 desiderium,
1060 2201 1120 2238 cum
1138 2199 1240 2240 ramme

163 2301 274 2354 ergame
289 2285 482 2338 benevolentia
492 2286 676 2342 coniunctum.
694 2285 726 2337 Ei
742 2285 826 2354 igitur
838 2315 864 2324 -
880 2285 1017 2356 eui‚qood
1026 2304 1110 2340 onum
1121 2303 1240 2356 pomam,
1349 2279 1355 2294 '

161 2387 287 2457 ingentes
308 2389 407 2459 gratiae
427 2406 470 2454 me
489 2388 590 2440 habere
608 2387 676 2442 mihi
692 2388 816 2440 conrcino
831 2398 904 2450 enm,
916 2415 948 2428 -
982 2385 1034 2439 boc
1057 2388 1145 2441 debeo
1166 2388 1242 2457 quod

162 2494 277 2549 varietas
295 2492 482 2563 Rehdigerana
501 2510 561 2545 cum
574 2492 748 2561 Lugdunensi
766 2490 838 2543 libro
856 2492 1057 2545 ceeuretimirne
1069 2492 1169 2543 collata
1185 2500 1241 2557 αις

163 2595 247 2666 idque
269 2613 332 2651 cnm
344 2614 440 2669 magna
459 2597 549 2667 operio
564 2596 617 2647 mei
634 2596 770 2647 utilitate:
790 2596 916 2649 constitit
928 2597 1001 2648 onim
1017 2596 1048 2647 in
1060 2594 1133 2647 hond
1147 2596 1241 2665 paucio

162 2698 230 2759 loeis
242 2698 403 2763 dimensum,
420 2703 468 2771 qui
485 2700 556 2753 inter
570 2701 683 2769 scriptor
691 2698 776 2757 libror
793 2714 851 2751 eote
859 2696 1012 2762 ridebatur,
1030 2707 1119 2753 ortum
1137 2716 1196 2751 erac
1211 2699 1241 2751 in

165 2800 286 2863 editione
294 2802 471 2855 Vulcaniana.
491 2804 682 2858 Verumtamen
696 2804 735 2855 sic
744 2818 854 2874 quoqne
864 2810 957 2855 manet
967 2778 1043 2855 metr
1052 2803 1125 2855 inter
1137 2808 1241 2854 utrom-

165 2920 220 2974 que
238 2905 358 2959 codicem
369 2906 521 2971 diversitas,
538 2914 577 2971 nt,
591 2906 745 2977 nimquam
760 2905 807 2957 hie
826 2912 909 2969 certe,
923 2904 989 2959 dna·
997 2905 1131 2960 librorum
1142 2906 1240 2975 stirpes

166 3024 314 3061 cernamus.
358 3010 474 3064 Variani
500 3011 572 3063 enim
598 3012 670 3065 inter
701 3026 728 3063 se
755 3010 911 3079 saepircirne
936 3026 992 3060 non
1018 3010 1106 3060 solum
1136 3008 1185 3059 ubi
1211 3008 1241 3071 in
1312 3040 1318 3046 -

165 3111 249 3168 altero
278 3114 412 3181 seripnrra
437 3122 563 3184 corrupta
591 3121 645 3177 ert,
672 3129 764 3165 rerum
790 3116 873 3165 etiam
898 3113 947 3167 obi
976 3110 1048 3163 nihil
1072 3112 1155 3163 relert
1179 3118 1239 3168 utro

166 3212 255 3271 medor
265 3216 377 3284 legatur.
396 3218 428 3268 ln
445 3216 490 3269 hia
505 3219 630 3287 volgatae
647 3216 798 3282 inhaerere,
819 3234 902 3288 quom
922 3217 1003 3284 plane
1021 3220 1147 3282 appareat
1164 3210 1242 3266 codir

166 3334 222 3377 cem
241 3336 274 3371 ex
298 3337 353 3391 qno
380 3320 510 3391 originem
530 3321 605 3379 ducit
622 3321 758 3379 inferioris
777 3338 835 3376 ecoe
853 3328 953 3380 notae,
979 3316 1059 3369 nimis
1077 3316 1168 3369 timidi
1195 3324 1242 3383 eat

168 3426 410 3492 superstitiosar-
434 3440 466 3475 ex
502 3432 617 3495 utroque
641 3442 690 3493 pro
721 3425 832 3476 arbitrio
865 3423 1049 3477 recensionem
1079 3422 1240 3489 confingere,

167 3527 301 3591 temerarii
317 3528 390 3592 soret
406 3525 531 3591 hominia!
577 3528 632 3595 Ego
651 3527 681 3578 id
695 3526 763 3578 mihi
778 3525 931 3579 faciendum
948 3543 1007 3577 esec
1026 3525 1083 3584 vidi
1104 3522 1178 3593 quod
1196 3522 1244 3571 le-

167 3626 247 3689 eiaaet
263 3630 452 3702 unusquisque
468 3631 603 3685 cordatior
621 3629 715 3693 homo,
748 3632 793 3681 cul
816 3630 861 3689 bic
881 3633 996 3699 scriptor
1018 3628 1135 3699 primurn
1155 3624 1240 3677 eden·

166 3728 217 3781 dor
238 3732 267 3782 in
283 3740 402 3803 utroque
418 3733 512 3787 codice
531 3734 638 3787 oblatos
659 3734 771 3787 luisset:
794 3735 1015 3801 praestantiorem
1035 3732 1065 3781 in
1085 3731 1241 3796 univercum

168 3830 236 3895 mihi
255 3834 541 3908 requendumelegi,
565 3840 606 3889 lta
629 3846 720 3893 tamem
742 3846 773 3903 ut
791 3840 895 3889 animas
913 3816 984 3889 liber
1008 3852 1022 3885 a
1050 3833 1242 3901 superstitione

166 3946 290 4007 eorrupta
308 3956 342 3991 ex
358 3940 445 3999 altero
464 3942 626 3995 emendaret

209 4075 212 4081 ·
235 4039 296 4111 Qua
314 4042 374 4112 lege
392 4060 477 4115 qutun
495 4046 700 4099 ineonfieienda
714 4048 871 4109 receptione
886 4058 1014 4106 versarer,
1039 4038 1242 4097 coniecturasio

160 4158 225 4207 eom
243 4145 288 4197 rix
304 4144 418 4210 admiai3
449 4157 512 4211 runt
531 4156 620 4202 tamen
640 4150 803 4214 interiores
821 4148 870 4212 ubi
890 4156 1004 4218 uterque
1023 4142 1107 4206 codex
1125 4143 1154 4193 ³¹¹
1174 4140 1241 4204 villl
