3109 4950
342 350 425 437 228
801 350 1012 437 seimus
1060 350 1062 356 ’

197 550 267 605 λε.
280 534 405 607 mesaia
424 530 561 619 Περσῶν
577 528 784 615 είσφοιτήσεις
802 524 943 611 ιῖθρόους
961 524 1118 607 γενέσθαι,
1147 518 1356 599 ἀπειθοῦντος
1372 528 1435 606 μέν
1514 539 1516 550 “

235 622 287 678 U
306 626 480 715 1θεῖναίδην
500 628 559 692 τοῦ
574 628 749 709 δυσμενοῦς
770 626 826 688 καί
847 624 1104 707 διαμαχομένου,
1124 624 1184 685 τοῦ
1206 624 1242 687 δὲ
1262 622 1381 698 παντός
1402 622 1436 687 έ-
1513 668 1516 688 .

306 734 310 743 “
346 734 448 806 θνους
465 725 520 791 καί
532 724 620 807 μόλα
638 722 696 808 τὴν
712 720 825 788 στόσιν
840 721 1066 807 προσιεμένου,
1085 721 1129 809 τῷ
1142 717 1222 806 πρός
1240 717 1295 805 τὴν
1313 719 1437 803 κίνησιν

346 831 410 893 τών
429 821 637 891 καθεστώτων
651 818 925 906 βαρβαρικώτερον
944 818 1044 904 όρμῖγς
1060 819 1256 904 πεφυκέναι,
1285 817 1340 882 καί
1354 812 1435 902 πρός
1507 869 1516 910 ,.

310 940 379 1011 Βγε
398 922 528 1009 πλησίον
547 917 633 1005 ἔχειν
655 918 730 994 τούς
755 919 1000 1001 όνθεξομένονςς
1030 911 1190 1002 τοιγάρτοι
1214 913 1269 980 τόν
1289 913 1452 1001 ἅρχηγόνὸ
1507 919 1516 942 s

343 1024 435 1111 ἡμεῖς
453 1023 509 1105 τῆς
538 1022 706 1102 ἐπιβουλῆς
727 1008 905 1097 όνελόντες,
937 1014 1096 1080 τοσούτων
1127 1017 1303 1101 συμφορῶν
1334 1014 1436 1097 ἑσμόν
1514 1009 1516 1020 ’

345 1119 489 1207 παρόντα
506 1110 573 1203 ἤδη
587 1120 642 1182 καί
661 1112 854 1197 ω’δινόμενον
870 1108 955 1178 οότω
974 1137 1041 1188 πως
1056 1112 1255 1177 εόκολώτατα
1275 1118 1436 1177 κατεπαύ-

347 1243 456 1301 σαμεν,
469 1216 513 1291 ώς
532 1218 588 1282 νόν
602 1215 807 1281 ἀπιστεῖσθαι
820 1213 1002 1299 περιφανῶς
1018 1208 1103 1297 εἴπερ
1121 1205 1202 1288 όλως
1216 1236 1249 1275 τι
1266 1208 1323 1275 καί
1338 1203 1438 1295 ἤμελ-

346 1326 399 1385 λεν
422 1314 562 1381 ἔσεσθαι.
1448 1324 1462 1360 ι’
1512 1393 1513 1396 ¹

430 1418 453 1479 ί.
494 1410 578 1497 „Mn”
596 1411 712 1493 τοίνυν,
733 1403 762 1477 οἷ
779 1408 930 1494 discorda,
951 1401 1008 1497 την
1020 1406 1186 1494 ἐπιστολὴν
1200 1406 1468 1497 προφερόντων,ιο

343 1516 424 1600 μηδὲ
442 1510 632 1591 κακιζόντων
646 1507 731 1595 ἡμᾶς
745 1510 789 1585 sic
808 1507 846 1595 δι’]
863 1517 929 1587 τοῖς
949 1511 984 1574 έν
999 1507 1080 1595 αότῇ
1094 1511 1319 1595 γεγραμμένοις
1337 1508 1436 1572 οὖδα-

343 1616 411 1697 μώς
434 1606 696 1696 η’κολουθηκότας.
729 1610 774 1699 τῷ
791 1609 850 1694 γὰρ
876 1603 913 1671 οὗ
936 1606 1008 1674 λίαν
1027 1598 1178 1691 εόδηλον,
1207 1603 1250 1683 nic
1272 1604 1307 1671 τό
1324 1607 1436 1693 γεγρά-

346 1716 439 1798 φθαι,
464 1710 584 1795 χρῆναι
608 1704 688 1794 π’ρός
705 1705 763 1792 τὴν
778 1709 934 1790 βασιλέως
953 1702 1052 1770 αότόν
1065 1702 1156 1770 πόλιν
1172 1708 1263 1787 ἴέναι,
1280 1698 1436 1791 οἷπόπειρα

308 1796 313 1840 ³
344 1813 403 1890 μὲν
430 1801 466 1871 όν
489 1807 612 1891 ὑπῆρχε
639 1806 696 1871 καί
725 1808 884 1889 βόσανος,
917 1804 1003 1892 εἴπερ
1028 1806 1229 1891 αὐθαιρέτως
1264 1801 1342 1867 εἴκοι
1373 1812 1438 1879 τοῖς

248 1921 274 1974 Ρ.
285 1920 339 1977 119
347 1908 640 1993 προσταττομένοις,
671 1901 752 1971 aiore
777 1902 909 1981 δικαίως
925 1902 1146 1991 ἁρμόσασθαι,
1166 1906 1307 1987 γνωσθὲν
1330 1902 1469 1973 τοίνυνιό

271 2022 303 2077 v.
311 2022 346 2090 84
355 2004 473 2093 ῥηιδίως
493 2005 569 2089 ἡμῖν
593 2002 627 2068 τό
645 2005 838 2090 όνηκουστον
854 2007 909 2089 τῆς
930 2001 1054 2089 γνώμης
1069 2007 1123 2067 καί
1139 2000 1375 2085 ἁμιλλώμενον,
1397 2005 1438 2066 δι’

340 2098 367 2167 Ιό
386 2100 421 2167 τὸ
443 2102 568 2168 ἔλαττον
585 2092 792 2186 α’πεσειλτὶιτο,
816 2106 884 2179 πώς
902 2104 957 2167 ini
968 2102 1016 2166 τό
1031 2104 1140 2183 μεῖζον
1157 2100 1223 2165 ἔδει
1242 2104 1437 2186 προτρέπειν,

348 2202 403 2269 καί
420 2202 464 2287 μη
489 2204 608 2268 θᾶττον
630 2204 675 2278 εἷς
693 2204 791 2267 έκεῖνο
807 2200 843 2268 τό
868 2207 967 2289 πέρας
985 2203 1110 2284 ἐλθεῖν,
1139 2203 1184 2276 εἷς
1202 2196 1295 2286 ὅπερ,
1317 2204 1438 2265 πολλῶν

270 2363 273 2369 .
340 2304 384 2367 έν
399 2304 485 2390 μέση)
509 2299 752 2386 συμβεβηκότων
780 2302 909 2383 δεινών,
941 2298 1021 2386 πρός
1041 2298 1175 2385 οἶνόγκης
1197 2304 1254 2365 καί
1270 2298 1315 2376 cic
1331 2302 1439 2386 περιη-

229 1308 246 1343 δ

420 2450 446 2485 a.
456 2426 578 2493 τίναὶδην
593 2430 622 2480 λλ.
632 2436 660 2482 et
668 2430 752 2500 Intpr.
764 2443 796 2484 us
806 2430 892 2484 bostis
904 2426 1164 2499 impudentissimus,
1176 2424 1280 2492 ἀνέδην
1288 2430 1358 2498 vulg.
1413 2432 1438 2481 3.

353 2515 356 2520 '
418 2502 594 2572 προϊεμένου
609 2502 636 2550 λλ.
685 2502 710 2568 4,
724 2499 814 2572 ὁρμῆς
826 2503 874 2563 λλ,
893 2501 988 2569 ὁρμηλν
1001 2501 1071 2570 vulg.
1150 2501 1175 2553 5.
1194 2497 1273 2566 ἔχειν
1292 2502 1339 2562 λλ.,
1366 2498 1441 2559 ἳξειν

420 2573 489 2640 vulg.
561 2567 771 2640 ολνθεξομίνους
788 2573 832 2633 lt,
856 2570 1044 2640 ιίνεξομένους
1060 2569 1130 2638 vulg.
1179 2573 1204 2622 6.
1223 2571 1305 2639 ὑμεῖς
1321 2573 1349 2621 λλ.
1414 2571 1439 2622 8.

421 2641 580 2702 δπιστιῖσαι
596 2641 624 2690 λλ.
682 2657 722 2692 sa.
739 2642 789 2692 Pro
805 2640 843 2708 τῷ
857 2643 886 2692 λλ.
902 2629 945 2692 τό.
1032 2638 1151 2704 εὔδηλον
1168 2641 1208 2701 λλ,
1227 2638 1343 2704 ἔνδηλον
1368 2641 1440 2708 vulg.

424 2711 463 2766 ιθ
491 2699 581 2762 acria
608 2705 669 2759 add.
700 2725 733 2760 ex
758 2712 789 2761 λλ.
881 2712 918 2764 ι5.
942 2707 1010 2762 Inde
1038 2727 1054 2761 a
1078 2711 1162 2762 verbo
1180 2712 1441 2782 προσταττομένοις

422 2778 487 2830 Cod.
508 2782 537 2830 λλ.
556 2797 571 2830 a
596 2777 708 2830 librario
731 2779 886 2848 alienigena
909 2788 938 2832 et
962 2782 1051 2848 graeei
1075 2782 1208 2832 sermonis
1234 2797 1322 2849 paene
1344 2782 1440 2850 ignem

422 2851 539 2917 scriptus
556 2856 605 2910 est,
625 2849 672 2918 qui
682 2849 761 2918 siglas
781 2851 898 2920 exempli
918 2851 961 2902 sui
978 2869 1035 2903 non
1051 2851 1237 2920 intelligebat:
1256 2853 1333 2904 cuius
1347 2851 1440 2903 homi-

422 2920 465 2970 nis
483 2920 574 2988 lapsus
600 2919 722 2970 infinitos
741 2937 798 2972 noa
818 2937 911 2974 omnes
922 2922 1025 2973 notavi.
1112 2925 1151 2976 ιθ.
1168 2921 1217 2972 Pro
1234 2910 1274 2991 μη
1293 2924 1323 2974 λλ.
1348 2921 1442 2974 hicet

424 3005 503 3056 saepe
528 2989 628 3040 deiude
645 2986 727 3059 μηδὲ.
802 3008 841 3060 sp
860 2990 1066 3060 περιήχθωμεν
1081 2993 1112 3044 λλ.

352 3093 398 3138 tac
423 3083 575 3136 defectioni
599 3089 626 3133 et
647 3083 787 3136 Persarum
816 3083 963 3154 irruptioni
990 3101 1082 3136 ansam
1111 3083 1354 3154 praebuissemus,
1381 3099 1442 3134 cum

353 3159 479 3209 universa
501 3153 568 3204 baec
586 3155 662 3205 natio
686 3153 787 3206 mirum
806 3153 836 3205 in
857 3155 968 3206 modum
989 3157 1026 3207 sit
1046 3162 1193 3207 contumax
1224 3164 1253 3207 et
1274 3154 1387 3206 rebellis
1415 3160 1445 3203 et

265 3245 270 3250 ·
354 3227 497 3277 seditionis
505 3222 583 3276 valde
597 3222 728 3287 studiosa,
740 3224 815 3297 quod
824 3224 953 3276 videlicet
963 3225 1132 3277 barbaricum
1144 3227 1283 3278 inmorcm
1296 3223 1331 3275 ad
1342 3225 1443 3276 immu-

354 3298 466 3348 tandum
483 3303 582 3347 statum
596 3311 685 3344 rerum
700 3296 863 3346 naturaliter
879 3298 915 3346 sit
926 3313 1060 3364 propensa
1073 3313 1080 3360 ;
1098 3312 1157 3346 cum
1172 3298 1318 3366 praecipue
1331 3296 1362 3345 in
1379 3311 1444 3362 pro·

352 3369 458 3437 pinquo
473 3371 563 3416 essent
570 3361 703 3426 habituri,
717 3367 765 3434 qui
775 3364 972 3433 ipsostuendos
980 3363 1162 3434 susciperent?
1181 3366 1237 3419 Nos
1246 3368 1349 3436 itaque,
1365 3365 1445 3431 prin·

288 3453 290 3459 ’
357 3440 418 3505 cipe
435 3433 577 3486 seditionis
597 3434 751 3498 interfecto,
767 3443 903 3486 tantarum
917 3436 1100 3487 calamitatum
1116 3453 1229 3488 examen
1245 3437 1299 3486 iam
1315 3450 1444 3504 praesens

356 3516 439 3576 atque
453 3503 643 3573 suppullulans
657 3503 710 3555 hoc
726 3504 835 3557 tandem
850 3504 930 3556 modo
948 3505 1077 3557 facillime
1092 3508 1306 3575 compressimus,
1324 3505 1446 3556 adeant

356 3595 429 3630 nunc
439 3592 494 3626 non
505 3573 739 3641 credaturaperte,
748 3591 782 3624 an
792 3577 821 3624 in
831 3576 986 3625 universum
998 3576 1103 3645 aliquid
1112 3579 1194 3628 etiam
1202 3577 1323 3628 futurum
1333 3575 1424 3626 fuerit.

429 3663 467 3698 ιο.
485 3645 635 3703 „Desinant
653 3659 715 3712 ergo
734 3661 823 3707 nunc,
851 3660 867 3694 ο
891 3643 990 3708 iudex,
1020 3649 1162 3713 epistolam
1187 3648 1329 3716 proferre,
1351 3660 1444 3713 neque

282 3767 284 3772 ,
356 3734 405 3767 nos
424 3717 562 3776 damnent,
578 3711 653 3781 quod
678 3729 770 3762 earum
793 3713 949 3764 mandatum
971 3718 1057 3766 secuti
1084 3734 1140 3767 non
1162 3717 1253 3768 simus.
1296 3717 1348 3768 Cui
1370 3717 1446 3767 enim

356 3803 413 3836 non
429 3783 706 3846 sueritmanifestum,
722 3782 752 3834 id
764 3783 840 3851 quod
848 3782 946 3847 litteris
955 3785 1010 3836 illis
1025 3787 1252 3854 perscribebatur,
1269 3795 1396 3856 oportere
1411 3785 1448 3834 il-

357 3855 415 3905 lum
439 3855 597 3921 Byzantium
618 3853 673 3915 ire,
701 3851 827 3915 tentandi
851 3862 958 3906 tantum
985 3857 1200 3928 explorandique
1226 3875 1319 3908 caussa
1341 3857 1447 3908 factum

357 3923 460 3988 fuisse,
482 3943 516 3977 an
540 3942 587 3977 sua
610 3929 707 3993 sponte
733 3924 828 3992 aequis
852 3923 986 3976 mandatis
1012 3934 1084 3978 esset
1111 3927 1366 3995 obtemperaturus,
1394 3927 1448 3974 iis-

341 4057 343 4063 ,
359 4009 413 4063 que
431 4009 459 4046 se
478 3996 538 4047 iure
560 3992 809 4066 accommodatums
827 3992 840 4044 i
875 3994 942 4046 Cum
961 3995 1052 4067 itaque
1069 3997 1151 4049 nobis
1174 3998 1260 4067 ipsius
1277 3995 1362 4048 animi
1379 4012 1447 4064 per-

357 4063 458 4116 vicacia
486 4073 513 4116 et
537 4067 673 4134 protervia
693 4065 775 4118 facile
799 4065 1022 4135 esseteognita,
1047 4083 1108 4119 cum
1129 4065 1160 4118 id
1180 4066 1256 4138 quod
1277 4069 1366 4119 minus
1387 4073 1448 4115 erat

359 4132 537 4194 detrectaret,
558 4151 612 4203 quo
631 4145 711 4204 paeto
730 4134 765 4188 ad
786 4135 817 4188 id
857 4135 912 4189 uod
934 4137 1024 4188 maius
1046 4143 1177 4188 erateum
1198 4139 1313 4190 incitare
1334 4144 1449 4206 oporte·
1514 4172 1516 4201 :

357 4203 428 4266 bat,
442 4212 470 4255 et
489 4219 545 4254 non
574 4205 665 4272 potius
696 4207 788 4256 statim
818 4152 856 4257 ad
886 4214 1005 4258 extrema
1028 4206 1150 4260 remedia
1174 4210 1292 4272 venire,
1313 4203 1348 4259 ad
1374 4221 1450 4274 quae
1514 4228 1516 4243 ι

358 4275 451 4329 multis
470 4271 629 4346 urgentibus
649 4274 728 4328 malis
738 4277 891 4330 necessario
902 4274 1137 4346 pervenissemus?
1154 4275 1211 4348 Qui
1221 4280 1295 4333 enim
1311 4283 1451 4348 opportu-
1514 4248 1516 4307 i
