3109 4950
332 274 411 385 ¹94
744 294 953 363 dormitu

177 475 206 529 Α,
225 472 254 525 c.
271 470 321 527 555
329 453 483 543 περιβόλῳ
504 448 552 537 εἴη
579 451 827 535 ἐμβεβλημένον,
854 452 910 515 καί
930 450 1075 531 μεθεῖναι
1101 450 1161 529 μέν
1183 444 1224 511 τά
1245 449 1281 513 έν
1299 454 1412 537 χερσίν

212 546 232 597 1·
245 544 268 597 Ῑ·
279 540 399 639 2λέόργα
406 604 417 634 ,
446 552 615 637 δρομαίους
639 552 675 613 δέ
700 547 744 624 αἷς
762 546 861 614 asisii·
882 544 990 633 ἥκειν,
1016 544 1072 611 καί
1093 544 1331 629 συνεπιβάλλειν
1352 546 1410 635 την

293 651 443 738 Βφλόγα,
464 650 508 725 σός
525 642 565 713 άν
586 646 702 737 ῥηιδίως
717 642 840 713 ἅπαντα
856 648 1084 734 πυρποληθείη.
1104 646 1159 710 καί
1172 643 1189 710 ό
1202 649 1264 726 μέν
1279 651 1413 713 τοιαῦτα

323 751 376 836 ἐφ’
401 746 505 837 ἑαυτῷ
521 748 771 833 βρενθυόμενος,
802 744 904 830 εἴχετο
928 748 984 831 τῆς
1003 742 1131 831 ἐφόδου.
1179 744 1346 811 Ἰουστϊνον
1375 748 1412 811 δὲ

317 847 380 913 ,τόν
399 851 430 913 Γ
428 850 566 933 ερμανοῧ
575 899 586 928 ,
609 841 660 932 (οὗ
686 844 745 931 γάρ
767 836 843 936 ᾤετο
862 849 897 911 ἒν
917 849 961 935 τῷ
977 844 1046 910 τότε
1065 843 1117 909 τόν
1134 845 1327 931 Ναχοραγάν
1349 846 1434 913 nor-5

323 950 499 1034 ρέσεσθαι,)
518 944 621 1011 έννοιά
634 972 680 1022 τις
691 944 815 1027 θεόθεν,
829 941 925 1029 οἶμαι,
944 946 1070 1029 εἰσῆλθε
1086 942 1243 1030 πρόςτινα
1258 943 1336 1009 νεών
1348 948 1414 1010 τῶν

323 1043 409 1131 παρά
429 1050 633 1131 Χριστιανοῖς
661 1044 877 1125 σεμνοτάτων,
912 1043 948 1108 osi
972 1039 1085 1129 nip’p‘os
1109 1045 1166 1128 τῆς
1189 1041 1308 1117 πόλεως
1330 1036 1413 1128 rips-

323 1144 465 1229 στηκότα,
487 1146 722 1229 παραγενέσθαι
743 1142 787 1220 τός
807 1143 965 1226 τάχιστα,
986 1144 1041 1206 καί
1058 1140 1247 1207 έπεθειάσαι.
1275 1144 1331 1206 καί
1345 1139 1412 1206 τοί-

325 1268 384 1308 νυν
406 1242 635 1323 ἀπολεξάμενος
656 1243 691 1305 ἐκ
706 1244 759 1327 τῆς
779 1241 949 1325 Μαρτίνου
971 1240 1027 1306 καί
1041 1244 1096 1326 τῆς
1112 1239 1228 1317 οἰκείας
1248 1239 1412 1322 δυνάμεως

295 1336 354 1424 ci,
372 1366 404 1405 τι
419 1340 567 1427 καρτερόν
586 1365 621 1405 τε
649 1344 704 1405 καί
721 1342 956 1425 μαχιμώτατον,
980 1338 1035 1404 καί
1048 1338 1190 1414 πεντάκις
1211 1340 1336 1423 χιλίους
1356 1339 1451 1408 irs-ro

326 1439 425 1517 πότας
447 1442 593 1525 α’γείρας,
614 1434 753 1518 ἅπαντάς
777 1465 812 1504 τε
838 1439 881 1517 ὦς
898 1442 931 1514 ές
947 1436 1082 1521 πόλεμον
1099 1432 1214 1525 άριστα
1238 1442 1409 1521 ternotus,

327 1538 346 1603 ό
365 1542 400 1604 δὲ
419 1538 475 1617 ξὺν
488 1542 615 1615 ἐκείνοις
632 1536 807 1623 άπηλαονε,
828 1542 892 1604 τῶν
916 1564 950 1603 τε
968 1541 1107 1622 σημείων
1125 1536 1155 1602 oi
1171 1537 1330 1620 inspirent
1355 1536 1412 1601 καί

325 1641 381 1722 τῆς
401 1629 496 1721 ἄλλης
519 1638 723 1721 στρατηγικῆς
744 1638 921 1719 εάκοσμίας.
950 1632 1033 1701 οότω
1052 1639 1088 1700 δέ
1101 1639 1313 1719 ,susceptio
1339 1629 1409 1700 οὔτε

327 1732 357 1799 oi
374 1738 502 1820 Πέρσαι
521 1738 660 1799 κατεῖδον
679 1735 809 1813 τούτους
827 1737 1071 1822 πορευομένους,
1109 1729 1260 1817 σάμενοῦν
1278 1735 1355 1800 sits
1379 1733 1410 1798 οἱ

260 1884 261 1889 ,
324 1834 413 1920 cippi
441 1829 607 1899 Ἰουστῖνον
639 1834 775 1911 ἐκείνους
804 1837 1041 1921 έπεφοιτοόντας.
1082 1835 1153 1900 ἀλλ’
1176 1830 1330 1919 ἑτέρωθεν
1345 1830 1451 1918 γάριὸ

323 1928 508 2020 ἀφιγμένοι,
544 1930 660 2019 άθρόον
684 1936 728 2021 τῷ
750 1932 903 2022 περιβόληι
923 1936 1156 2020 προσέβαλλον,
1191 1930 1314 1996 πλείονί
1333 1925 1408 2017 τεῆ

323 2030 474 2118 πρότερόν
495 2034 596 2119 τοξείηι
620 2033 776 2119 ἐχρῶντο,
806 2028 944 2109 nicoisas
965 2030 1004 2117 δὴ
1020 2031 1212 2113 καὶμᾶλλον
1226 2028 1300 2106 νοός
1323 2030 1409 2099 Ῥω-

321 2135 437 2214 μαίους
455 2128 674 2215 ἐκπλήξοντες,
703 2130 759 2195 καί
777 2132 911 2214 τάχιστα
926 2132 982 2217 τὴν
1005 2129 1095 2197 πόλιν
1115 2127 1338 2217 ἁρπασόμενοι

289 2242 314 2297 Β
408 2234 453 2296 κέ.
499 2228 663 2318 Τοιγάρτοι
683 2234 759 2317 βέλη
778 2234 906 2319 ἐφέρετο
925 2226 994 2314 άμα
1012 2228 1128 2315 συχνά,
1148 2227 1204 2295 καί
1223 2224 1289 2295 εἶτα
1314 2231 1408 2315 ἕτερα

393 2401 417 2435 a.
438 2379 476 2438 sis
489 2378 594 2439 adroic
611 2384 640 2434 R.
709 2385 736 2437 6.
750 2384 815 2435 Post
828 2379 901 2437 νεών
912 2384 982 2451 vulg.
1002 2390 1030 2433 et
1041 2384 1125 2450 Intpr.
1139 2380 1277 2454 (ternplum
1286 2384 1407 2437 sanctis-

391 2454 487 2508 simum
512 2464 539 2506 et
557 2452 634 2526 apud
653 2452 827 2508 Christianos
849 2453 1088 2525 permagnificum)
1108 2452 1213 2506 addunt
1231 2452 1411 2524 ἁγιώτατον,

393 2525 469 2596 quod
486 2539 539 2578 om.
556 2526 584 2574 R.
612 2525 698 2592 Iutpr.
717 2533 857 2592 praeterea
876 2525 972 2592 legisse
994 2525 1103 2577 videtur
1119 2528 1167 2574 soi
1185 2523 1259 2591 τῶν;
1285 2526 1409 2594 suspicor

393 2601 483 2648 autem
500 2595 611 2645 alteram
621 2590 827 2663 διττογραφίας
836 2599 995 2663 scripturam
1009 2595 1093 2645 fuisse
1106 2585 1179 2648 νειόν
1189 2593 1348 2664 ἁγιώτατον
1363 2613 1408 2646 νι-

391 2660 442 2720 ste
476 2681 498 2714 τ.
537 2679 566 2713 π.
598 2665 651 2728 Χρ.
671 2677 713 2728 σ.,
737 2665 941 2735 εοί1.ιεννιμίαπι
969 2665 1187 2730 sanctissimum,
1206 2664 1315 2719 suidam
1328 2684 1408 2738 quest

391 2732 546 2786 Christiani
564 2733 692 2802 inprimis
710 2749 883 2788 verterentur
899 2735 1029 2788 dicatum.
1103 2754 1141 2788 ιο.
1157 2736 1361 2808 μαχιμώτερον
1375 2739 1404 2786 R.

394 2821 433 2854 ιι.
452 2799 581 2858 άπαντάς
598 2817 628 2853 τε
646 2821 697 2856 om.
716 2806 744 2856 R.
820 2808 859 2865 16.
877 2805 1069 2878 προσέβαλλον
1079 2806 1121 2871 R„
1138 2806 1317 2879 προσέβαλον
1332 2806 1404 2877 vulfs

395 2873 433 2928 18.
456 2871 642 2936 ἐνιπλήξαντες
658 2875 688 2928 R.

320 3003 350 3052 in
363 3001 449 3054 altum
463 3001 600 3054 sublatum
621 3012 781 3068 cernerent,
799 3007 901 3058 scirent
920 3007 1010 3076 ignem
1036 3006 1089 3058 iam
1111 3009 1293 3059 Romanorum
1314 3005 1406 3074 ligneo

319 3081 397 3141 septo
416 3073 573 3136 immissum,
592 3091 739 3145 opereque,
753 3076 827 3148 quod
847 3079 877 3128 in
891 3078 1017 3129 manibus
1030 3085 1098 3140 erut,
1118 3078 1228 3139 omisso,
1247 3077 1346 3128 cursim
1368 3074 1405 3126 ad

319 3159 348 3194 se
366 3144 508 3206 venirent,
526 3145 662 3216 simulque
678 3144 767 3215 ignem
779 3148 976 3211 immitterent,
1002 3155 1034 3198 ut
1054 3147 1088 3199 eo>
1109 3147 1218 3198 facilius
1239 3147 1330 3198 omnia
1355 3147 1402 3196 in·

318 3211 417 3264 cendio
435 3213 636 3284 conflagrarent
663 3214 752 3287 Atque
767 3217 813 3268 hic
827 3218 938 3286 quidem
949 3218 1017 3276 tolia
1037 3216 1110 3286 apud
1125 3235 1154 3268 se
1168 3218 1282 3280 iactans,
1307 3213 1405 3285 oppidi

318 3300 424 3334 murum
442 3283 572 3336 adoritur.
608 3287 743 3338 Iustinum
758 3305 822 3340 vero
837 3288 964 3339 Germani
980 3288 1069 3339 filium
1086 3294 1191 3358 (neque
1210 3286 1285 3338 enim
1308 3287 1406 3338 existi-

317 3352 412 3404 mabat
428 3353 649 3420 Naohorsganem
663 3365 720 3407 tum
732 3367 788 3409 tem
808 3360 862 3410 oris
874 3357 969 3409 urbem
983 3357 1150 3428 invasurum)
1171 3358 1299 3426 cogitatio
1317 3373 1404 3428 quae·

234 3451 238 3468 .
318 3421 381 3474 dam
393 3421 534 3487 divinitus,
546 3424 746 3489 credo,subiit‚
764 3375 807 3480 ad
813 3429 1010 3480 sanctissimum
1024 3427 1161 3497 quoddam
1174 3428 1306 3496 templum
1333 3426 1404 3478 uod-

319 3511 373 3564 que
392 3493 551 3546 Christianis
567 3496 681 3552 marimo
694 3499 723 3548 iu
738 3497 842 3550 honore
861 3507 933 3561 erut,
950 3514 1040 3568 neque
1052 3498 1147 3566 procul
1163 3497 1197 3549 ab
1222 3497 1291 3549 urbe
1314 3446 1405 3548 dista-

224 3611 228 3624 ,
317 3561 380 3626 bat,
398 3582 480 3636 quam
500 3566 631 3616 citissime
645 3567 706 3630 ire,
734 3566 843 3639 Deique
864 3584 944 3635 opem
967 3568 1120 3636 implorare.
1163 3567 1283 3619 Delectis
1309 3568 1405 3637 itaque

319 3650 353 3684 ex
365 3635 478 3686 Martini
492 3642 520 3685 et
540 3637 595 3685 suis
611 3637 696 3704 copiis
707 3637 863 3689 fortissimis
873 3638 1028 3709 quibusque
1045 3637 1316 3708 bellicosissimisque
1327 3638 1403 3700 viris,

318 3711 347 3754 et
361 3706 483 3775 quinque
498 3705 620 3757 millibus
636 3707 774 3776 equitum,
794 3707 977 3778 omnibusque
990 3709 1076 3760 veluti
1091 3708 1126 3759 od
1136 3709 1271 3776 proelium
1285 3709 1406 3770 minatis,

318 3788 380 3822 oum
397 3775 451 3825 illis
466 3778 613 3844 processit,
631 3793 659 3828 se
680 3777 809 3829 uentibus
827 3781 917 3846 ipsum
931 3780 1015 3849 signis
1026 3779 1076 3830 reli
1116 3795 1188 3847 oque
1206 3785 1336 3846 apparatu
1351 3778 1406 3828 mi-

317 3842 400 3892 litari.
436 3846 507 3898 Casu
524 3863 588 3898 vero
604 3795 721 3908 accidit,
748 3856 779 3899 ut
799 3865 889 3918 neque
904 3849 999 3900 Persae
1016 3865 1062 3899 eos
1076 3797 1207 3900 όῒεααεεε
1221 3850 1277 3900 sint
1293 3849 1405 3917 conspi-

318 3913 389 3973 cati,
406 3914 454 3965 sed
468 3933 557 3985 neque
572 3915 601 3966 hi
623 3919 685 3968 illos
704 3916 836 3986 oppidum
858 3931 950 3970 versus
971 3919 1128 3986 venientes3
1156 3919 1205 3970 sed
1231 3919 1337 3971 diversa
1358 3919 1405 3968 viu

233 4015 239 4022 .
319 3979 446 4045 adducti,
464 3986 607 4037 confertim
629 3988 761 4055 impetum
788 3989 819 4040 in
839 3990 949 4041 moenia
968 3989 1105 4052 feceruut,
1133 3991 1292 4059 maioreque
1315 3989 1405 4039 multo

263 4089 265 4092 -
318 4069 398 4122 quam
413 4059 492 4104 antea
510 4057 675 4111 iaculatione
689 4066 753 4109 sunt
763 4060 826 4122 usi,
844 4067 975 4128 tanquam
989 4060 1029 4110 ita
1043 4059 1194 4130 etquidem
1206 4059 1291 4130 magis
1303 4061 1404 4112 Roma-

317 4139 367 4174 nos
381 4124 571 4193 perterritum,
589 4129 775 4199 citissimeque
789 4128 885 4180 urbem
899 4129 1042 4198 direpturi.

387 4195 428 4246 25.
463 4192 538 4246 Adeo
553 4212 616 4248 vero
634 4197 732 4252 deusne
752 4199 834 4251 simul
847 4200 961 4269 sagittae
973 4199 1140 4265 serebantur,
1161 4215 1309 4272 mnusque
1330 4197 1405 4250 aliae
