3109 4950
326 219 408 303 216
679 264 682 269 ·
757 244 966 317 AGATttttt

179 410 210 463 Δ,
221 414 249 463 C.
266 414 315 467 555
326 402 417 486 σφῶν
432 398 538 479 αὐτῶν
555 390 793 463 ἀποδείκνυνται
809 397 864 462 καί
879 396 915 463 τὸ
942 398 1119 483 παράλογον
1140 402 1194 484 τῆς
1213 406 1401 487 μιαιφονίας

211 482 262 546 ω’
279 497 566 581 29ὁμολογοῦντες.,
590 491 623 559 τὸ
641 498 700 577 μὲν
727 494 785 581 γὰρ
815 497 973 579 βασίλειον
998 497 1129 581 γράμμα
1157 498 1401 590 παρακελεύεται
1521 589 1522 592 η

323 607 391 672 τοϊς
415 604 596 682 στρατηγοῖς
622 590 760 661 στέλλειν
788 596 866 659 κατά
892 594 929 659 τὸ
955 596 1129 675 Βυζάντιον
1147 592 1200 661 τὸν
1227 600 1258 661 Γ
1257 595 1402 684 οσβάζην,
1427 614 1431 619 ’

320 700 431 773 πειθοῖ
437 684 503 775 Ιμὲν
525 691 559 759 τὸ
581 695 725 779 πρῶτον,
757 687 1005 778 ἀνηκουστοῦντα
1029 696 1137 759 δὲκαὶ
1156 692 1236 781 πρὸς
1259 685 1401 780 ἀνάγκης,

320 783 569 875 ἐναντιούμενον
584 795 619 857 δὲ
642 789 698 855 καί
722 794 938 875 βιαζομένοις·
976 786 1154 858 ἀποκτεῖναι
1191 796 1227 859 δὲ
1249 796 1425 878 μηδαμῶςὸ

319 895 395 978 πρίν
410 884 448 957 ἀν
464 892 588 972 ἐκεῖνος,
608 894 641 967 ές
657 888 847 975 τελεωτάτην
863 885 1036 957 ἀπόστασιν
1054 887 1240 978 ἀφιγμένος,
1259 891 1301 957 τά
1316 900 1408 957 πολε-

321 992 404 1073 μίων
420 993 498 1077 δρᾷν
515 994 700 1075 προαχθείη.
730 990 759 1055 οἱ
782 992 819 1056 δὲ
832 987 893 1054 καί
907 991 1010 1055 ταῦτα
1028 989 1109 1075 μήτε
1127 990 1298 1077 στρατηγοὶ
1314 997 1408 1056 καθε-

324 1091 455 1171 στῶτες,
487 1090 567 1172 μήτε
596 1082 698 1165 ἀλλοις
729 1091 893 1174 ἐφειμένον
926 1089 1038 1164 αάτοῖς
1066 1085 1168 1167 ἀδεεῖς
1193 1081 1214 1155 ἀ
1246 1090 1408 1172 βούλοιντο

319 1191 483 1275 πράττειν,
515 1191 713 1274 παραχρῆμα
728 1186 784 1271 τὸν
812 1188 948 1253 δειλαιον
968 1184 1189 1270 ἀπεκτόνασιν,
1215 1180 1287 1253 οὔτε
1328 1187 1407 1273 rard

288 1286 356 1371 Ded
374 1288 548 1369 Βυζάντιον
572 1284 670 1359 adadu
698 1290 846 1372 γενέσθαι
861 1290 1110 1373 προτρέψαντες,
1131 1279 1202 1351 οὔτε
1216 1285 1281 1371 μην
1296 1282 1442 1373 aionem

322 1389 509 1457 ἀπειθοῦντι
527 1388 659 1474 μετρίαν
681 1390 755 1471 γοῦν
773 1385 914 1471 οἶνάγιιηνΙ
926 1384 1149 1469 ἐπαγαγόντες,
1179 1380 1250 1450 οὔτε
1270 1384 1328 1470 την
1346 1386 1402 1471 ἀρ-

321 1486 384 1571 χὴν
406 1490 438 1563 ές
460 1484 572 1572 πεῖράν
591 1511 662 1550 τινα
679 1485 908 1566 καταστάντες,
938 1482 1024 1571 εἴπερ
1047 1483 1208 1573 ὅτφδηοῦν
1225 1486 1328 1573 τρόπῳ
1348 1488 1403 1560 τοῦ

322 1583 558 1671 προστάγματος
571 1578 764 1669 ὄλιγανρήσει.
785 1583 886 1654 καίτοι
900 1584 1136 1667 μεγαλαυχοῧσι
1163 1582 1219 1649 καὶ
1230 1581 1403 1669 βρενθάον-

322 1710 394 1767 ται,
415 1684 459 1760 αἱς
475 1682 514 1757 τὰ
532 1688 660 1765 βασιλεῖ
673 1686 822 1749 δοκοῦντα
841 1684 1047 1758 διανύσαντες
1057 1733 1068 1764 ,
1087 1685 1151 1767 οἵγε
1166 1686 1222 1747 καί
1242 1680 1298 1770 τὴν
1323 1680 1404 1770 ἐκεί-

322 1808 377 1849 νου
395 1772 601 1869 περιορίῦντες
618 1781 777 1869 πεφήνασι
794 1779 941 1866 γνώμην,
969 1782 1103 1865 ψευδέσι
1118 1805 1151 1846 τε
1170 1785 1312 1867 χρῆσθαι
1328 1780 1441 1866 πρό-,5

323 1905 414 1967 τερον
440 1879 518 1953 κατὰ
534 1885 565 1946 Γ
563 1882 699 1963 ονβάζοσ
723 1883 884 1964 διαβολαῖς
904 1879 1147 1966 τετολμηκότες,
1176 1878 1231 1945 καὶ
1254 1878 1404 1945 τάναντία

323 1982 387 2045 τῶν
404 1971 442 2044 εὖ
462 1980 710 2063 διατεταγμένων
730 1976 983 2065 αὐτεπαγγέλτοις
1003 1979 1231 2065 ἔξειργασμένοι
1237 2029 1248 2060 ,
1266 1974 1322 2042 καί
1326 2029 1337 2059 ,
1366 1974 1403 2039 ad

240 2086 270 2138 V.
283 2076 365 2161 80er
383 2066 509 2143 πάντοιν
529 2074 810 2165 παρανομώτερον,
838 2074 912 2143 οὔτε
929 2078 986 2163 την
1005 2075 1170 2163 ἐπιστολήν
1186 2078 1405 2155 ἐπιδείξαντες,

230 2188 257 2253 l'·
267 2189 318 2255 11³
325 2172 407 2243 οἷστε
428 2180 492 2243 τῶν
513 2179 768 2263 ἐγγεγραμμένων
784 2180 987 2261 γνωσθέντων
1008 2174 1043 2241 τὸ
1064 2180 1216 2262 πρακτέον
1233 2171 1371 2255 ἑλέσθαι.

409 2292 445 2367 ς’.
475 2295 587 2373 .,-,Πιὸς
606 2283 661 2358 οὖν
678 2292 716 2357 ot
732 2290 847 2368 παντὸς
861 2292 996 2379 ὀλέθρου
1007 2291 1063 2358 καί
1080 2291 1233 2377 τιμωρία-ς
1247 2286 1441 2373 ἀπέρτεραγο

324 2390 425 2477 πάσης
443 2390 482 2455 τὰ
497 2396 704 2477 τετολμημένα
720 2388 839 2469 δόξαιεν
854 2383 911 2471 ἀνς
941 2387 1049 2458 ἀδικιλι
1070 2389 1131 2477 γὰρ
1149 2390 1204 2462 καί
1216 2391 1287 2478 ,κατ’
1303 2381 1399 2457 ἀλλον

324 2514 381 2557 τοο
397 2495 560 2576 γιγνομένη
580 2475 711 2576 φευκτόν
728 2517 760 2555 τι
778 2489 835 2564 καί
853 2485 1075 2578 ἀπειρημένον,
1101 2487 1238 2574 μάλιστα
1255 2492 1290 2554 δὲ
1306 2491 1335 2554 εἶ
1350 2487 1405 2573 φί-

392 2621 469 2680 8..ἆν
484 2625 597 2693 prdidi.
671 2627 710 2686 ¹3·
728 2624 955 2695 προστάγματος
972 2628 1002 2678 lt.
1016 2636 1045 2678 et
1059 2629 1171 2696 Intpnsr‘
1182 2645 1240 2680 non
1259 2627 1339 2685 iussis
1353 2624 1403 2676 oi-

391 2698 473 2766 sequi
489 2695 618 2757 auderet,
636 2694 805 2766 πράγματος
821 2697 890 2769 vulg.
945 2715 987 2750 nr.
1005 2694 1120 2759 ἀόξοιεν
1136 2699 1185 2761 a,
1205 2695 1316 2758 δόξειεν
1332 2695 1401 2764 vulg.

397 2769 447 2814 καὶ
468 2781 520 2815 om.
542 2766 571 2815 R·

326 2878 422 2944 missae
439 2879 629 2951 indignitatem
653 2883 741 2936 fateri.
778 2886 876 2952 Regiae
897 2888 970 2936 cuim
992 2886 1100 2947 litterae
1115 2885 1244 2947 mandant
1260 2885 1404 2954 praefectis

319 2951 450 3022 militiae,
473 2960 504 3003 ut
528 2951 656 3004 Gubazen
680 2954 838 3020 Byzantium
862 2957 993 3019 mittant,
1027 2959 1115 3027 primo
1151 2955 1262 3025 quidem
1295 2957 1403 3008 suadela

324 3029 451 3081 utentes,
491 3021 684 3084 obaudientem
714 3040 776 3086 vero
806 3033 834 3076 et
860 3025 1015 3091 necessitati
1051 3027 1228 3086 reluctantem
1259 3035 1403 3094 cogerent3

324 3091 400 3141 nulla
414 3099 507 3144 tamen
526 3093 629 3155 ratione
647 3095 840 3158 interficerent,
857 3095 944 3157 donec
961 3104 1054 3165 aperta
1077 3096 1231 3148 defectione
1253 3097 1323 3147 facta
1352 3097 1404 3147 ho-

324 3162 424 3223 ¹stiliter
449 3180 526 3232 agere
548 3165 688 3232 coepisset
707 3165 743 3216 Hi
763 3181 828 3232 sero
851 3184 912 3217 cum
936 3184 1027 3238 neque
1049 3167 1180 3236 praefecti
1206 3167 1336 3218 militares
1358 3183 1403 3221 es-

324 3239 393 3294 sent,
415 3250 506 3302 neque
529 3233 632 3303 alioqui
658 3236 697 3285 eis
721 3236 826 3298 liceret,
843 3253 912 3306 quae
927 3237 1035 3298 liberet,
1057 3238 1164 3300 facere,
1189 3243 1300 3304 repente
1323 3238 1405 3288 misc-

324 3318 382 3350 rum
397 3303 573 3366 trucidarunt,
587 3301 799 3374 haudquaquam
814 3307 1010 3373 utByzantium
1024 3309 1077 3358 iret
1090 3305 1200 3370 hortati,
1219 3324 1280 3356 cum
1295 3323 1332 3371 nc
1345 3320 1404 3358 mc-

323 3370 409 3422 dieam
421 3372 532 3442 quidem
543 3375 598 3436 rim
614 3376 639 3425 ei
657 3376 823 3435 utrcuitenti
841 3376 1010 3441 intulissent,
1026 3394 1116 3446 neque
1130 3377 1240 3433 omnino
1255 3385 1406 3428 tentassent

325 3458 359 3491 an
377 3443 469 3512 aliquo
483 3441 592 3494 tandem
601 3444 681 3502 modo
699 3444 857 3506 mandatum
876 3446 944 3514 regis
963 3454 1158 3506 contemneret.
1186 3446 1343 3498 Gloriantur
1359 3446 1405 3497 in-

324 3519 397 3575 terca
411 3513 453 3564 illi
471 3520 498 3562 ct
510 3513 640 3576 iactitant,
658 3531 686 3564 se
698 3515 869 3582 imperatoris
880 3515 1006 3579 mandata
1020 3526 1171 3582 exsecutos,
1186 3534 1245 3567 cum
1259 3519 1350 3585 potius
1367 3517 1404 3567 il-

325 3581 556 3648 lius‘roluntatem
572 3585 763 3652 contempsisse
774 3584 1021 3653 deprehendantur,
1034 3586 1403 3658 falsisquecriminatiouibus

327 3649 456 3704 Gubazcn
473 3669 584 3712 onerare
602 3670 658 3704 nou
677 3655 732 3705 sint
746 3655 826 3715 veriti
843 3663 871 3706 et
888 3659 1021 3707 contraria
1039 3657 1073 3707 ab
1087 3658 1130 3720 iis,
1150 3673 1219 3729 quae
1235 3666 1307 3711 recte
1326 3675 1402 3721 man-

325 3717 387 3782 data
405 3731 497 3785 crant,
515 3725 624 3793 propria
642 3723 801 3784 auctoritate
819 3725 848 3776 in
873 3741 935 3785 eum
955 3726 1122 3793 decernere3
1147 3737 1175 3780 et
1197 3728 1270 3797 quod
1293 3729 1404 3796 quidem

325 3790 444 3854 omnium
470 3803 512 3846 est
535 3794 758 3863 iniquissimum,
781 3810 871 3863 neque
895 3795 994 3858 litteris
1014 3798 1185 3864 hperatoris
1209 3798 1344 3862 ostensis,
1371 3803 1403 3847 ut

262 3869 265 3878 ’
326 3863 432 3927 cognita
449 3862 505 3914 eius
523 3865 663 3916 voluntate
684 3862 751 3934 quid
769 3863 842 3927 facto
857 3881 925 3933 opus
954 3875 1025 3934 esset
1042 3875 1199 3920 statuerent

355 4015 360 4027 ι
380 3947 415 4027 6
452 3948 532 4016 „Quo
552 3958 631 4018 paeto
652 3951 734 4020 igitur
747 3968 804 4002 nou
823 3951 933 4004 illorum
952 3955 1038 4006 scelus
1057 3953 1171 4036 quodvis
1185 3954 1259 4006 necis
1276 3963 1324 4006 aut
1337 3969 1401 4020 sup-

322 4015 399 4084 plrcu
414 4031 673 4088 geuuscxsuperare
687 4019 891 4079 censuerimus?
908 4022 1012 4082 Iniuria
1028 4041 1102 4075 curm
1119 4025 1204 4076 cuivis
1217 4024 1295 4076 alteri
1312 4025 1401 4085 illata,

321 4103 363 4136 rcs
378 4093 418 4136 cst
431 4084 557 4153 fugienda
569 4093 707 4160 vetitaque
727 4091 850 4160 legibus,
869 4095 1016 4160 praecipue
1033 4097 1056 4146 si
1068 4096 1184 4146 amicum
1198 4101 1226 4145 et
1237 4094 1400 4155 benevolum

322 4157 424 4242 quique
438 4155 595 4242 frequenter
610 4161 731 4233 perlaeta
746 4179 797 4244 ρτρ
811 4162 891 4218 sociis
905 4161 1018 4235 adierit,
1036 4165 1175 4244 eoqtingat
1189 4181 1246 4225 crae
1265 4182 1337 4239 cotug
1351 4163 1400 4248 qui
