3109 4950
326 315 424 378 xvtn
837 309 936 376 Vl'l'A
972 379 976 383 ,

326 469 359 532 id
368 479 473 532 tamen
486 467 703 533 certumloret
716 465 889 530 indiciums
906 465 1037 543 etenim,
1048 462 1233 530 dominante
1247 467 1405 551 religione

326 567 666 652 Christiana,'pauons
687 566 909 650 illosgentiles
932 565 987 648 qui
1005 566 1285 649 Constantinopoli
1309 569 1407 649 dege÷

325 662 404 728 bant
422 667 497 728 talia
520 676 594 728 nota
613 664 760 728 babuisse
780 686 846 726 nou
861 663 1004 746 estquod
1020 663 1218 726 dubitemuss
1239 674 1332 750 atque
1350 665 1405 736 ubi

325 763 361 826 id
378 766 501 848 profert
519 764 738 826 Christianum
757 765 944 844 loquentem
960 760 1097 830 inducit.
1124 763 1235 824 Mitem
1248 783 1323 824 vero
1339 763 1407 824 ani·

324 885 412 924 mum
438 864 471 925 in
502 862 776 946 reprehendendis
804 861 918 926 alienis
942 864 1058 940 sacris,
1088 862 1150 924 nisi
1178 861 1320 945 improba
1341 863 1407 924 sint

325 970 419 1042 etque
443 962 610 1034 immania;
641 969 673 1024 et
690 961 925 1044 indulgentiam
947 982 1028 1042 quae
1046 959 1148 1023 errori
1163 960 1197 1022 in
1221 961 1405 1024 huiusmodi

325 1061 430 1139 rebus,
448 1070 558 1144 utpote
575 1082 639 1122 non
653 1061 847 1141 voluntario,
864 1059 990 1123 reniam
1002 1059 1175 1138 tribuite„
1197 1059 1406 1130 intersecans

325 1156 412 1220 illins
427 1160 494 1222 aeri
514 1160 638 1221 lusores
661 1159 712 1220 vix
732 1160 809 1220 alibi
828 1167 1027 1242 exspectares
1043 1181 1139 1241 quam
1161 1158 1246 1242 apud
1269 1181 1324 1222 eos
1347 1158 1405 1241 qui

325 1256 558 1320 dominantium
574 1256 761 1320 erudelitate
782 1264 815 1318 et
837 1256 966 1318 saevitia
977 1268 1168 1320 vexarentur
1183 1257 1255 1339 ipsi.
1287 1256 1403 1338 ltaque
1448 1290 1450 1295 ·

322 1355 486 1440 probabile
506 1365 562 1432 est,
582 1353 696 1438 gentili
717 1364 808 1438 patre
822 1365 1039 1436 procreatum,
1060 1355 1319 1439 graecanicisque
1337 1365 1403 1419 stn-

322 1454 383 1516 diis
407 1453 597 1515 innutritum
618 1463 650 1514 et
670 1453 876 1532 delectatum,
902 1474 941 1515 ne
964 1453 1072 1537 legum
1087 1456 1201 1537 poenis
1218 1454 1403 1515 bominum-¹

321 1572 384 1633 que
400 1551 572 1612 violentiae
591 1551 750 1613 obnoxius
770 1560 872 1629 esset,
894 1572 959 1614 non
984 1551 1147 1635 opinionis
1163 1551 1196 1614 vi
1218 1553 1402 1630 adductum,
1440 1539 1444 1542 ⁴

321 1649 512 1726 Christianis
530 1668 564 1712 se
586 1650 779 1717 adiunxisse.
1393 1714 1397 1722 ,

403 1748 610 1810 Historiarum
636 1748 712 1810 libri
737 1750 835 1833 vulgo
861 1771 901 1810 ex
925 1747 1037 1813 codice
1058 1745 1267 1830 lugdunensi
1285 1746 1403 1820 inseris

318 1847 440 1909 buntur
464 1841 538 1928 περὶ
559 1846 615 1928 τῆς
644 1843 876 1911 Ἰουστινιανοῦ
907 1841 1082 1926 βασιλείαςε
1111 1845 1189 1908 vitio
1213 1845 1402 1908 manifestos

318 1965 416 2028 quum
426 1945 561 2027 scriptor
573 1965 607 2007 se
623 1944 663 2008 de
686 1955 789 2008 morte
805 1945 922 2008 lustini
939 1943 1092 2007 Germsni
1105 1945 1180 2008 f.-·
1191 1943 1248 2025 qui
1270 1942 1402 2010 iubente

318 2043 439 2105 Iustino
464 2043 530 2106 inu.
556 2043 638 2128 lmp.
661 2053 794 2106 necatus
812 2054 860 2107 est
878 2077 922 2090 -
940 2045 996 2107 lv.
1012 2063 1060 2105 aa.
1071 2065 1104 2127 p.
1118 2041 1213 2106 ass:
1248 2051 1342 2124 atque
1360 2040 1400 2107 de

318 2141 465 2203 Cbosrois
487 2143 552 2203 line
570 2141 661 2224 (577.)
681 2143 736 2206 tv.
753 2164 802 2225 ²9·
824 2165 857 2225 p.
875 2162 945 2225 ²7²·
964 2142 1126 2203 dicturum
1143 2160 1212 2201 esse
1228 2141 1400 2222 promittat.

315 2239 359 2323 At
380 2241 466 2302 idem
492 2240 595 2302 codex
614 2249 714 2318 recte,
732 2262 793 2325 pro
808 2241 898 2304 illins
912 2241 1023 2304 aetatis
1034 2257 1134 2314 more,
1150 2259 1246 2320 quem
1261 2238 1302 2298 ab
1318 2239 1402 2301 Ere-

316 2339 406 2423 grio,
441 2341 561 2401 Ioanne
592 2339 845 2424 Epiphaniensi‚
888 2339 1024 2420 aliisque
1053 2344 1212 2403 senatum
1243 2336 1400 2416 ridemus,-

318 2437 419 2499 libros
438 2431 555 2514 τόμους
571 2445 675 2502 vocat.

399 2535 534 2597 Codices
554 2534 664 2617 scripti
683 2532 837 2619 perpauci
853 2542 1034 2619 supersunt.
1062 2536 1112 2597 De
1128 2534 1353 2620 Rebdigerano
1365 2542 1399 2598 et

315 2630 537 2715 Lugdunensi‚
558 2630 675 2714 quibus
694 2654 862 2713 usussnm,
884 2634 962 2695 dixi.
983 2634 1175 2697 Vaticanum
1195 2635 1397 2697 membrana·
1482 2681 1486 2686 .

317 2750 411 2791 ceum
428 2750 509 2805 esse,
529 2730 708 2813 antiquum,
721 2732 1004 2815 mibisignifioarit
1016 2733 1211 2814 Ang.lllaius
1223 2738 1255 2800 r.
1274 2732 1322 2799 ill.
1339 2730 1399 2813 qui
1467 2744 1475 2757 ·

316 2828 475 2891 variantes
494 2828 665 2912 scripturas
681 2851 722 2891 ex
746 2832 852 2913 quarti
870 2832 945 2893 libri
959 2830 1051 2891 initio
1067 2831 1222 2893 delibatas
1245 2829 1398 2913 specimi-

317 2926 366 2988 nis
384 2928 456 2989 loco
471 2928 566 2994 misit.
584 2929 648 2991 Eae
664 2952 738 2993 oum
750 2930 974 3013 Rebdigerano
989 2930 1071 2992 libro
1088 2930 1132 2991 ita
1143 2930 1345 2994 conveniunt
1360 2938 1400 2993 ut

315 3026 408 3089 valde
425 3026 589 3109 probabile
607 3028 649 3089 sit
669 3028 757 3091 buno
782 3029 859 3091 inde
883 3029 1079 3114 exscriptum
1102 3051 1179 3092 esse.
1207 3029 1398 3110 Exscriptus

315 3134 422 3188 autern
441 3133 489 3188 est
508 3147 548 3187 ex
569 3124 680 3191 eodic'e
700 3129 843 3212 integros
866 3130 1098 3204 elvetiorum,
1120 3137 1273 3189 monente
1298 3127 1398 3205 Maio,

315 3244 402 3284 nunc
414 3224 546 3305 quidem
564 3233 621 3304 est,
638 3228 792 3310 suppletis
805 3249 824 3287 a
841 3228 1021 3289 recentiore
1033 3246 1131 3287 manu
1146 3226 1272 3308 aliquot
1287 3225 1376 3288 foliis
1385 3269 1396 3297 ,

313 3320 371 3384 sed
394 3323 546 3403 quonism
568 3344 605 3385 ea
625 3326 799 3407 aliquando
827 3327 970 3402 deerant,
999 3325 1075 3386 inde
1098 3335 1186 3387 ortae
1207 3333 1283 3387 sunt
1303 3325 1397 3390 laeu-

315 3440 375 3481 nae
393 3421 426 3479 in
445 3422 591 3485 versione
607 3424 784 3498 Personae;
805 3425 883 3487 licet
898 3422 1003 3487 codici
1026 3444 1091 3505 quo
1112 3423 1140 3485 is
1158 3444 1233 3485 usus
1255 3432 1304 3485 est
1320 3445 1396 3486 cum

312 3517 537 3601 Rebdigerano
552 3522 695 3603 proxima
717 3523 896 3603 intercedat
918 3521 1064 3583 affinitas.
1096 3522 1217 3583 Tamen
1234 3520 1289 3583 hic
1306 3520 1394 3584 Vati·

313 3633 409 3677 canus
433 3616 536 3679 codex
554 3627 591 3679 ut
615 3620 789 3701 aliquando
812 3620 1018 3703 inspicietur,
1040 3619 1215 3703 optandum
1239 3628 1287 3681 est
1295 3644 1305 3691 ;
1326 3639 1393 3701 quo

311 3713 460 3793 planede
479 3715 542 3777 lide
562 3724 657 3798 atque
675 3719 860 3780 anctoritate
878 3718 1092 3800 Rebdigerani
1114 3727 1259 3779 constare
1284 3715 1392 3798 possit.

311 3809 480 3873 Praeterea
493 3834 533 3877 ex
546 3813 799 3878 Moutalalconiu
812 3817 975 3879 Harlesius
989 3815 1137 3879 Fabricio
1149 3814 1329 3897 adscripsit,
1341 3814 1395 3874 in·
1441 3804 1452 3827 '⁴

309 3915 435 3991 tagrum
453 3932 534 3995 opus
553 3921 676 3977 exstare
686 3934 800 3996 graece
814 3913 1036 3979 intercedices
1046 3917 1182 4001 scriptos
1199 3911 1393 3977 Ottobnnis-

312 4026 388 4081 nost
408 4016 505 4091 atque
526 4009 561 4075 in
579 4012 652 4082 cod.
667 4015 794 4083 lllltllV·
809 4014 1025 4079 bibliothecas
1042 4016 1216 4079 vaticanae
1238 4010 1394 4095 antiquae

345 4161 391 4234 ap)
408 4159 477 4217 liist.
496 4164 516 4217 1.
531 4176 558 4235 7.
576 4182 603 4237 p.
624 4156 667 4223 ab.
740 4218 742 4225 .
