3109 4950
334 282 361 339 X
744 273 991 342 sarmatia.

335 429 470 498 conspirat
493 430 569 500 pauci
593 427 704 501 quidam
723 445 790 500 quos
813 437 884 482 certa
901 431 1005 481 ratione
1030 427 1194 482 conileieudi
1217 427 1304 481 sanari
1325 442 1404 500 posse

335 533 488 603 apparebat
531 533 596 584 Dlrl
613 549 708 601 supra,
733 549 783 585 usu
801 530 983 601 ltehdigeraui
1005 529 1105 583 codicis
1135 529 1273 585 erudisse
1297 531 1405 584 laudem

334 637 454 688 criticam
472 651 551 706 quam
569 651 602 687 ex
621 632 673 686 hoc
696 632 796 688 edendi
820 632 913 686 labore
930 633 1069 703 percipere
1096 632 1271 703 anquatenus
1293 634 1405 686 lortmse

334 742 496 810 potuissem:
540 737 573 790 de
591 755 644 808 qua
662 755 690 790 se
715 738 823 791 silerem
841 737 952 790 omuino
970 737 1026 790 nisi
1044 734 1283 806 reprehensionem
1301 751 1407 788 vererer

333 843 435 894 nullam
453 843 510 916 iere
528 857 613 893 meam
630 843 659 894 in
677 857 709 892 eo
730 856 859 912 apparere
878 856 996 909 operam.
1037 839 1137 895 Libere
1160 838 1249 892 dicam
1267 839 1404 911 quomodo

335 963 377 998 res
395 963 423 998 se
441 945 537 998 hahet:
562 943 643 997 modo
666 943 738 996 nuda
763 942 904 998 divinandi
920 944 966 1006 vl,
993 942 1076 997 modo
1092 943 1225 1013 versionis
1242 940 1404 995 adminiculo

333 1067 389 1100 non
407 1067 492 1118 pauca
509 1055 582 1100 recte
602 1049 786 1110 conieceram,
809 1046 917 1099 lacunas
939 1063 1050 1119 quoque
1068 1045 1219 1116 supplendo
1246 1047 1405 1096 sarcieram:

332 1149 366 1202 de
385 1151 629 1222 quibusmonere,
654 1167 687 1202 er
708 1167 762 1221 quo
781 1157 853 1201 certa
878 1165 928 1219 pro
948 1149 1111 1202 coniecturis
1129 1148 1316 1220 suppeditavit
1332 1146 1405 1200 lieh-

332 1253 483 1322 (ligassem,
501 1255 557 1307 sive
575 1253 669 1308 eadem
687 1255 769 1325 plane
790 1256 848 1307 sive
863 1253 989 1317 meliora,
1008 1254 1171 1324 contempsi.
1186 1252 1340 1305 Laudemus
1358 1268 1404 1302 ca·

331 1363 434 1424 ptarem
451 1373 494 1408 me
511 1359 572 1426 ipso
587 1357 653 1410 laeti
669 1355 759 1408 teste?
799 1345 869 1408 Tum
885 1370 966 1419 vero,
989 1363 1020 1407 ut
1037 1355 1068 1408 id
1085 1355 1181 1408 saltem
1197 1373 1247 1426 pro
1266 1355 1318 1407 riri
1335 1354 1406 1406 boni

329 1457 423 1512 indole
444 1459 502 1512 fieri
526 1429 633 1528 posset,
657 1475 690 1510 ca
716 1475 826 1530 quoque
850 1456 997 1511 indicanda
1020 1457 1136 1510 fuissent
1160 1457 1209 1509 ubi
1233 1474 1277 1509 me
1301 1474 1402 1510 errasse

332 1559 493 1628 apparebatz
514 1567 658 1633 utrumque
677 1561 736 1612 sine
752 1560 809 1613 ullo
828 1559 980 1612 litterarum
998 1560 1096 1612 fructu
1123 1559 1183 1611 Alia
1196 1562 1265 1614 ratio
1284 1561 1318 1614 lo
1330 1577 1405 1612 eom-

334 1662 514 1716 memorandis
535 1647 656 1715 Clasieni
674 1663 837 1716 coniecturis
857 1661 922 1713 tuta
940 1661 996 1732 Qui
1012 1664 1071 1730 ipse
1087 1678 1182 1714 meum
1194 1661 1348 1731 exemplum
1362 1679 1407 1713 se-

336 1771 445 1816 cuturus
463 1781 491 1816 se
509 1765 644 1818 nominari
661 1763 815 1817 recusabat:
841 1771 922 1834 atque
947 1781 963 1816 a
985 1779 1028 1815 me
1045 1763 1228 1817 contendebat
1254 1771 1285 1815 ut
1310 1763 1406 1816 eadem

330 1865 390 1936 lege
414 1885 495 1937 quam
519 1867 588 1920 milri
612 1858 829 1937 scripsissemus
855 1884 967 1939 quoque
984 1869 1101 1922 metirer.
1148 1868 1249 1921 Verum
1268 1885 1407 1920 cesenam

330 1970 430 2022 extorsi
452 1972 611 2023 auctoritate
634 1987 694 2022 mea
713 1970 806 2023 iuveni
823 1955 954 2038 pudenti:
978 1971 1103 2022 utillum
1120 1977 1149 2022 et
1168 1969 1313 2059 philologis
1332 1986 1407 2022 com·

331 2074 485 2127 mandarem
512 2083 539 2128 et
556 2075 620 2127 viris
636 2075 788 2128 illustribus
812 2076 860 2144 qui
878 2073 1092 2145 rempublicam
1109 2073 1337 2142 Hamburgensem
1362 2080 1408 2125 te·

330 2185 404 2229 nent
423 2176 585 2248 Argumenta
600 2176 731 2229 librorum
746 2178 915 2248 conscripsit,
934 2174 1095 2246 iudicesque
1112 2175 1231 2227 confecit
1243 2176 1317 2228 idem
1328 2177 1406 2228 Clas·

329 2299 422 2344 senna,
445 2297 478 2332 ex
496 2283 594 2352 quibus
613 2282 656 2334 illi
671 2281 718 2353 qui
736 2298 777 2334 res
797 2288 824 2332 et
840 2283 950 2336 nomina
969 2279 1158 2350 complectitur
1171 2295 1258 2346 pauca
1274 2279 1407 2350 quaedam

328 2383 468 2456 adscripsi.
489 2387 664 2450 iocentuum,
684 2385 946 2455 orthographiaeqne
959 2385 1091 2436 rationem
1105 2381 1297 2435 stabiliendam
1313 2399 1407 2435 susee-

323 2490 366 2559 pit
391 2491 420 2541 in
447 2494 476 2541 s'e
501 2490 658 2557 Sehopenus
674 2504 764 2540 meus:
791 2487 827 2539 de
852 2489 929 2539 euius
950 2485 1073 2539 doctrina
1098 2495 1180 2557 atque
1202 2488 1313 2557 ingenio
1337 2504 1407 2557 qnae

324 2594 437 2643 sentiam
445 2627 454 2653 ,
474 2588 525 2641 hac
538 2590 741 2661 opportunitate
759 2607 825 2643 usus
841 2590 1038 2660 praedicarem
1057 2592 1111 2643 nisi
1125 2590 1407 2660 haecquoqneprae-

324 2694 390 2747 satio
415 2700 558 2763 antequam
575 2693 648 2747 liber
665 2696 694 2747 in
716 2694 858 2765 publicum
876 2696 1015 2759 emittatur
1034 2694 1068 2746 ab
1087 2711 1119 2747 eo
1137 2692 1308 2763 inspicienda
1325 2700 1405 2757 esset,

325 2796 564 2867 praevideremque
583 2803 650 2849 tunc
674 2814 736 2849 enm
753 2813 856 2849 summa
873 2813 925 2867 cpe
940 2803 1121 2868 pugnaturum
1138 2813 1196 2849 esse
1212 2806 1244 2849 nt
1261 2798 1309 2849 illa
1326 2795 1405 2849 dele·

322 2915 386 2950 rem·
433 2898 458 2949 Is
476 2898 559 2967 igitur
574 2906 661 2951 totum
679 2900 889 2967 Byzantinorum
914 2914 999 2970 opus,
1024 2906 1158 2970 quatenus
1181 2900 1212 2951 in
1230 2900 1283 2951 hoc
1300 2900 1403 2970 oppido

323 3003 395 3071 typis
408 3000 582 3065 exscribatur,
594 3004 634 3054 ita
645 3001 840 3067 moderabitur,
860 3008 891 3053 ut
906 3002 1022 3071 singulas
1036 3002 1157 3073 plagulas
1175 3010 1315 3064 correctas,
1324 3009 1406 3053 ante-

324 3122 404 3177 quam
433 3104 483 3157 sub
500 3106 605 3173 prelum
623 3106 824 3170 immittantur,
852 3105 888 3157 ad
907 3122 1017 3159 examen
1039 3113 1163 3172 revocet5
1188 3107 1267 3175 isque
1289 3112 1321 3155 ut
1338 3122 1405 3157 corr

324 3217 395 3261 stans
415 3208 620 3263 innocentibus
647 3216 675 3261 et
691 3207 883 3279 orthographia
905 3216 1026 3262 servetur
1050 3210 1119 3260 ratic
1136 3205 1249 3260 curabit
1292 3208 1404 3259 Tenen-

256 3344 262 3355 ,
323 3310 383 3363 dam
404 3318 493 3363 autem
510 3310 564 3362 sibi
580 3313 723 3381 proposuit
747 3328 806 3363 eam
823 3328 892 3384 quae
910 3312 975 3365 viris
992 3310 1147 3380 primariis,
1164 3309 1214 3380 qui
1227 3310 1403 3361 cummaxime

326 3429 433 3482 graecos
452 3412 536 3465 libros
550 3413 649 3479 edunt,
670 3415 781 3483 placuit·
800 3415 855 3485 Ego
872 3429 946 3477 vero,
966 3414 990 3465 si
1010 3412 1119 3464 arbitrii
1132 3412 1188 3464 mei
1207 3420 1287 3475 esset,
1307 3412 1404 3481 vulga-

326 3533 381 3570 rem
403 3517 495 3587 potius
515 3534 668 3580 servassem,
686 3536 766 3588 quam
780 3516 877 3569 Graeci
894 3515 980 3569 hodie
995 3523 1152 3587 sequuntur.
1168 3510 1313 3585 Perspecto
1329 3523 1402 3567 certe

326 3636 367 3671 res
380 3628 430 3683 est,
447 3618 543 3672 horum
558 3622 673 3672 maiores
686 3620 739 3672 iam
750 3619 815 3671 inde
833 3637 849 3671 a
863 3619 970 3670 saeculo
990 3619 1022 3672 X.
1043 3618 1132 3686 apices
1146 3620 1219 3671 inter
1232 3608 1406 3671 scribendum

327 3722 497 3790 apposuisse,
515 3723 555 3774 ita
574 3720 613 3773 ut'
624 3719 822 3790 pronuntiandi
837 3719 950 3771 modum
964 3722 1145 3772 efformarent:
1170 3720 1264 3790 itaque
1280 3719 1330 3771 hos
1347 3720 1403 3771 sal-

325 3832 381 3877 tem
395 3824 496 3877 libros:
514 3826 633 3889 Annam,
647 3824 776 3889 Nicetam,
800 3830 919 3876 ceteros:
936 3823 966 3874 in
983 3822 1139 3875 accentibus
1157 3823 1192 3874 ad
1204 3820 1402 3875 Alexandrino·

298 4002 300 4007 ι
326 3943 383 3978 rum
401 3930 633 3997 grammaticorum
653 3944 767 3980 canones
786 3943 927 3990 revocare,
947 3926 1017 3979 mihi
1029 3926 1140 3999 quidem
1159 3944 1215 3979 non
1228 3926 1283 3977 alia
1295 3925 1402 3977 ratione

325 4030 385 4081 lieri
403 4030 510 4083 ridetur
530 4048 609 4102 quam
633 4034 656 4084 si
679 4033 708 4083 in
732 4031 844 4083 Latinos
861 4032 976 4084 ultimae
991 4033 1088 4085 aetatis
1110 4048 1172 4083 eum
1191 4028 1400 4098 orthographiae

325 4133 435 4187 modum
449 4134 577 4189 iuducere
595 4137 713 4205 placeret
731 4152 747 4189 a
765 4152 820 4207 quo
840 4137 870 4187 in
889 4136 984 4190 Plauto
1002 4134 1127 4191 recedere
1143 4133 1218 4186 celas
1234 4133 1312 4186 foret
1330 4131 1399 4201 lga-
