3109 4950
327 314 412 371 220
712 344 730 401 ‚·
761 313 970 379 seleman

179 478 209 531 Δ.
219 479 249 531 C.
268 478 319 533 555
328 465 482 553 προδότην
506 457 607 554 άνδρα
629 467 683 533 καί
706 467 860 553 τύραννον
883 462 1092 547 άπολωλέναι,
1113 472 1167 533 κατ’
1189 470 1229 534 τά
1250 474 1417 554 βασιλέως

223 550 274 607 ¹⁴¹·
285 568 320 622 ²9
327 565 497 653 πράγματα
517 566 551 632 τὸ
575 569 671 653 μέρος
689 569 915 632 διασεσῶσθαι·
944 560 1025 632 ὥστε
1043 568 1074 631 εἰ
1084 568 1140 631 καί
1153 571 1304 634 τεθνάναι
1321 596 1415 651 συμ-

327 665 418 750 βαίη,
453 669 629 751 στέρξοιμεν
652 660 693 730 άν
714 667 770 729 καί
792 661 836 743 ὥς
856 658 987 747 άσμενοι
1010 666 1152 751 καθάπερ
1177 692 1210 731 τι
1231 671 1415 753 προσφιλές

245 848 246 853 ¹
299 766 384 830 Βκαί
401 764 591 849 αὐθαίρετον
606 760 642 828 τό
660 760 793 849 άνιαρόν
809 762 864 827 καί
874 764 1114 848 ἠναγκασμένον
1137 763 1193 827 καί
1209 763 1412 849 οἶχησόμεθα

324 862 486 927 κάλλιπον
506 864 598 926 τοῦτο
619 862 699 948 πρός
722 862 884 944 εδθογααν
905 860 1033 949 ἐφόδιον
1058 860 1202 944 ἔχοντες,
1231 860 1266 927 τό
1291 860 1434 946 pyrni-5

323 984 409 1026 σκειν
432 964 467 1027 έν
489 960 566 1046 ἡμῖν
588 956 726 1044 αὖτοῖς,
759 961 804 1038 ὥς
829 958 900 1037 τοδς
930 962 1108 1041 Ῥωμαίους
1139 964 1326 1047 κρατοῦντας
1354 958 1412 1025 ἔτι

324 1062 386 1123 τῶν
404 1056 540 1142 Κόλχων
562 1063 843 1142 καταλελοίπαμεν,
872 1057 928 1124 καί
947 1051 1035 1123 οδπω
1049 1061 1127 1145 παρ’
1142 1055 1258 1145 ἑτέρων
1279 1059 1412 1147 άφῃρη-

324 1160 447 1237 μένους.
475 1158 506 1221 εί
524 1159 584 1239 μὲν
599 1156 659 1243 γάρ
678 1154 838 1244 Περσικόν
861 1152 902 1243 ἦν
924 1155 961 1223 τό
978 1154 1082 1244 παρόν
1102 1157 1320 1242 δικαστήριον,
1349 1156 1413 1220 κατ’

323 1242 400 1341 παρ’
413 1258 539 1333 έκείνοις
555 1254 751 1343 ἐκρινόμεθα,
772 1259 898 1333 πάντως
916 1250 957 1322 riv
973 1256 1050 1342 ἡμῖν
1069 1250 1229 1341 άρνιὶσεοός
1249 1280 1284 1319 τε
1303 1278 1408 1341 προσ-

300 1344 389 1419 ‘tte
419 1359 483 1420 τῶν
510 1357 754 1440 εἰργασμένων,
787 1354 843 1420 καί
862 1357 998 1420 δεδιέναι
1021 1357 1124 1439 παρῆν
1150 1352 1226 1429 τοδς
1247 1356 1452 1437 έλέγχονς,ισ

326 1455 381 1517 καί
399 1456 605 1536 δεδειγμένοις
623 1450 723 1537 τυχόν
745 1455 904 1541 διαπορεῖν
924 1449 1040 1529 ὁποίοις
1068 1447 1108 1517 άν
1126 1450 1181 1515 καί
1201 1452 1409 1538 χρησαᾴιεθα

325 1548 427 1635 λόγοις
449 1549 510 1616 άπὸ
527 1554 687 1629 δικασταῖς
712 1554 970 1637 πολεμιωτάτοις,
991 1549 1046 1616 καί
1066 1554 1110 1639 τῷ
1134 1554 1312 1637 πραχθέντι
1331 1552 1408 1615 λίαν

324 1646 512 1732 άχθομένοις
535 1652 580 1738 τῷ
600 1656 655 1734 τῆς
672 1652 797 1727 ἐλπίδος
821 1652 1042 1737 ἡμαρτηκέναι.
1059 1646 1222 1731 Ῥωμαίου
1238 1651 1274 1713 δὲ
1289 1646 1408 1732 άνδρός

231 1749 519 1829 nisteronem,
545 1747 628 1825 τίνος
648 1742 690 1814 άν
708 1748 806 1836 χάριν
826 1751 905 1835 ἡμῖν
919 1746 956 1814 τό
972 1752 1172 1834 γεγενημένον
1191 1743 1407 1834 άπαρνηθεάγς

321 1845 403 1911 τίδὲ
421 1850 475 1911 καί
487 1848 713 1931 ἀπολογεῖσθαι
725 1848 831 1935 χρεων
847 1852 922 1934 παρ’
935 1850 1013 1931 δμῖν
1028 1843 1145 1928 αὖτοῖς,
1172 1842 1247 1912 ἄνθ’
1258 1839 1304 1911 οἷν
1318 1845 1446 1928 δμᾶςιό

322 1936 361 2009 τά
380 1943 588 2031 πεποιήκαμεν
606 1945 658 2027 τόν
684 1951 843 2035 τύραννον
867 1946 1028 2025 ἀνελόντες
1035 1975 1047 2029 ,·
1077 1943 1152 2013 οὐδὲ
1182 1943 1242 2032 γάρ
1273 1949 1406 2028 μεταδο-

322 2050 392 2109 τέον
413 2044 499 2131 αὐτῷ
512 2046 568 2110 τοῦ
584 2050 703 2127 σεμναῦ
717 2051 773 2133 τῆς
792 2050 955 2130 βασιλείας
975 2044 1125 2130 ὀνόματος
1131 2098 1141 2128 ,
1170 2046 1404 2132 ἀλλοτριωτάτιρ

323 2142 378 2209 διά
390 2145 454 2209 τῶν
469 2141 567 2230 ἔργων
582 2149 721 2231 φανέντι·
752 2150 855 2211 καίτοι
873 2152 956 2230 μέγα
971 2144 1159 2232 κεκράγασιν
1178 2144 1209 2209 οἱ
1226 2144 1401 2227 κατήγοροι,

323 2243 379 2307 καί
404 2242 490 2308 δεινά
506 2247 719 2329 τετολμῆσθαί
737 2270 854 2332 φασιν,
886 2243 930 2323 ὥς
955 2244 994 2331 δὴ
1020 2248 1175 2329 βασιλέως
1197 2237 1403 2331 άνῃρημένόο·

321 2341 384 2428 χρὴ
404 2345 440 2408 δὲ
458 2342 496 2407 οδ
524 2346 563 2431 τῇ
577 2341 681 2431 πόρπῃ
706 2342 760 2409 καί
774 2346 816 2432 τῷ
829 2344 995 2433 χλαμυδίῳ
1026 2343 1080 2408 καί
1106 2352 1172 2418 τοῖς
1189 2340 1276 2417 έκτός
1294 2357 1443 2426 φαινοὶῡ

320 2445 426 2523 μένοις
454 2445 727 2528 έγναλλωπισμασι
761 2442 879 2528 ταύτην
902 2447 1087 2530 προσνέμειν
1113 2440 1169 2526 τὴν
1202 2438 1402 2522 ἐπωνυμίαν,

391 2565 417 2631 4.
443 2563 620 2634 ολχησδμενα
649 2565 677 2612 R.
699 2563 823 2633 etlntpr.
851 2575 881 2616 ιι
905 2563 1053 2616 moriemur
1086 2561 1169 2632 (ct),
1193 2551 1225 2612 οἷ
1237 2556 1404 2629 χρησόμεθα

391 2634 464 2702 vulg.
537 2635 561 2685 5.
579 2631 736 2702 γινώσκειν
759 2635 789 2684 R.
845 2651 884 2686 ιι.
910 2631 1121 2702 δεδιττομένοις
1146 2649 1167 2683 s.
1215 2632 1287 2683 otius
1311 2627 1400 2680 δεδει-

392 2700 542 2774 διγμένοις
559 2704 629 2756 ceni.
641 2702 786 2772 Cl.‚1ntpr.
805 2705 903 2757 timore
919 2704 1050 2774 perculsi.
1089 2705 1131 2758 16.
1149 2699 1185 2752 ου’
1202 2701 1264 2764 tlt,
1277 2697 1315 2750 ου’
1332 2701 1397 2768 vulg.

392 2789 434 2824 no
452 2772 558 2842 stieng.
581 2772 657 2822 Hanc
680 2774 855 2825 certissimam
882 2776 934 2827 Ios.
952 2773 1081 2842 Scaligeri
1102 2772 1318 2838 emendationem
1335 2787 1398 2840 con-

390 2841 481 2893 firmat
490 2844 522 2899 R.
537 2843 570 2893 cs.
589 2841 834 2922 p.17n.ed.Bonn.
849 2859 874 2897 v.
884 2864 928 2915 q,
956 2842 1032 2916 ῥοπῇ
1038 2844 1118 2913 vulg„
1127 2845 1210 2911 lntpr.
1229 2845 1261 2894 in
1268 2858 1396 2912 purpura.

318 2935 494 3004 imperatoris
508 2937 594 2988 nostri
610 2953 651 2988 res
667 2945 791 3005 exparte
810 2946 998 3004 conservatae;
1016 2938 1083 2989 adeo
1099 2945 1131 2988 ut
1145 2938 1250 2988 etiamsi
1267 2939 1336 2988 mori
1353 2953 1400 2986 nos

323 3005 481 3074 contigerit,
498 3005 616 3059 libentes
633 3007 677 3060 vel
694 3007 732 3058 sic
749 3007 832 3059 simus
854 3009 1004 3077 amplexari
1020 3009 1105 3060 veluti
1121 3008 1234 3058 amicum
1257 3016 1285 3058 et
1303 3006 1397 3058 volun-

322 3078 423 3126 tarium
443 3075 486 3140 td,
505 3077 578 3146 quod
594 3085 635 3129 est
657 3077 784 3130 acerbum
808 3086 837 3129 et
863 3088 1000 3141 coactum,
1026 3086 1055 3129 et
1077 3079 1223 3128 moriemur
1248 3077 1397 3145 pulcherri-

323 3163 398 3204 mum
415 3143 468 3198 hoc
484 3145 519 3198 ad
531 3148 695 3200 alacritatem
707 3149 991 3220 tranquillitatemque
1001 3151 1085 3200 animi
1107 3148 1233 3198 viaticum
1253 3147 1397 3208 babentes,

323 3218 444 3268 conscire
456 3216 536 3270 nobis
550 3219 629 3286 ipsis,
642 3217 715 3290 quod
732 3222 863 3271 Romanos
875 3219 963 3272 adbuc
980 3221 1009 3271 in
1027 3217 1140 3271 Colchos
1163 3218 1306 3286 imperium
1328 3217 1397 3268 obti-

322 3296 419 3350 nentes
445 3289 650 3356 reliquerimus,
681 3306 770 3361 neque
789 3289 860 3340 illud
879 3290 945 3358 ipsis
964 3289 998 3340 ab
1018 3290 1080 3342 aliis
1102 3296 1231 3356 ereptum.
1276 3288 1305 3338 Si
1328 3288 1396 3340 enim

322 3357 457 3410 Persicum
472 3367 543 3410 esset
554 3361 628 3413 istud
640 3359 775 3423 tribunal,
795 3376 943 3432 eorumque
958 3359 1060 3412 iudicio
1078 3358 1157 3411 nobis
1175 3357 1300 3408 standum
1320 3365 1395 3417 esset,

324 3429 436 3482 omnino
454 3428 532 3480 nobis
555 3431 700 3500 negatione
719 3447 820 3491 eorum,
834 3447 903 3498 quae
918 3431 989 3482 sacta
1010 3439 1081 3494 sunt,
1096 3432 1167 3482 foret
1183 3445 1264 3496 opus,
1284 3430 1395 3478 extime-

323 3497 494 3567 scendaeque
507 3509 597 3552 essent
605 3500 795 3576 probationes;
811 3517 972 3570 magnopere
985 3501 1068 3550 etiam
1081 3501 1274 3560 laboraremus,
1296 3498 1394 3568 quibus

322 3568 413 3620 verbis
432 3585 476 3622 ees
502 3570 678 3622 refutaremus
701 3572 773 3640 apud
797 3570 901 3622 iudices
932 3571 1130 3624 inimicissimos
1158 3570 1326 3640 graviterque
1347 3567 1396 3618 boc

324 3639 396 3690 iacto
416 3641 548 3702 offensos,
585 3643 631 3693 uia
645 3656 692 3710 spe
709 3658 757 3692 sua
772 3648 863 3693 essent
878 3641 1007 3692 frustrati.
1044 3641 1112 3692 Cum
1126 3657 1189 3693 vero
1202 3638 1285 3690 iudex
1298 3638 1335 3688 sit
1344 3639 1394 3688 tto-

324 3725 435 3772 manus‚
461 3727 573 3779 quamo
612 3727 717 3764 causam
736 3729 751 3762 a
769 3709 849 3762 nobis
868 3710 966 3761 factum
984 3721 1111 3780 negetur,
1128 3718 1176 3763 ant
1193 3710 1261 3779 quid
1279 3716 1396 3775 opusest

324 3793 452 3831 excusare
470 3782 540 3847 apud
562 3797 608 3832 vos
634 3780 680 3842 id,
701 3798 754 3852 quo
780 3782 839 3847 ipso
862 3781 933 3832 bene
959 3780 1088 3833 devehis
1107 3797 1198 3834 snmus
1216 3781 1325 3840 meriti,
1350 3778 1395 3846 qni

321 3855 465 3927 tyrannum
482 3851 683 3904 interfecimus?
716 3851 812 3919 Neque
830 3852 903 3901 enim
921 3850 1096 3902 tribuendum
1114 3853 1140 3904 ei
1157 3858 1198 3901 est
1213 3849 1396 3901 venerandum

322 3917 393 3984 regis
418 3935 533 3985 nomeu,
553 3925 600 3994 qui
616 3922 650 3974 ab
667 3939 699 3973 eo
713 3921 894 3973 alienissimus
911 3938 940 3973 rc
965 3922 1023 3990 ipsa
1038 3930 1079 3973 est
1095 3919 1293 3988 deprehensus,
1311 3935 1394 3989 qnan-

322 3987 422 4048 tumvis
445 3989 582 4044 clamitent
603 3999 782 4055 accusatores,
808 4000 836 4044 et
854 3999 931 4043 atrox
951 4010 967 4042 a
991 3993 1070 4044 nobis
1088 3993 1192 4044 facinus
1215 3998 1394 4059 perpetratum

326 4055 433 4120 dicant,
459 4067 554 4127 utpote
579 4080 641 4132 rege
661 4063 813 4119 interiecto.
848 4064 965 4130 Oportet
988 4065 1060 4114 enim
1081 4068 1137 4115 non
1155 4061 1256 4112 fibulae
1275 4067 1303 4110 et
1324 4057 1393 4108 ebla—

322 4127 398 4195 mydi
423 4131 656 4202 exterioribusque
681 4133 845 4190 ornamentis
861 4132 931 4184 hane
946 4133 1159 4205 appellationem
1182 4131 1322 4191 tribuere,
1349 4126 1395 4178 sesi

329 4197 355 4260 ,tl
372 4199 420 4280 qui
437 4200 569 4263 iustitiam
590 4211 711 4268 exercet,
734 4213 763 4258 et
782 4203 977 4284 cupiditatibus
998 4205 1052 4266 suis
1080 4203 1190 4262 modurn
1215 4195 1395 4258 senescetis
