3109 4950
309 331 404 398 xxiv
510 323 705 392 SPECIMEN
733 327 942 394 veustoitts
971 326 1190 396 PERSONAE.

309 491 407 541 natura
423 484 636 548 contentiosior,
653 501 733 554 saepe
750 487 834 538 etiam
854 502 903 555 pro
919 486 1000 558 regiis
1014 488 1166 557 porticibus
1181 485 1249 557 ipsis
1270 452 1386 557 artdbat,

308 571 469 646 plerumque
479 573 510 626 iu
524 571 698 626 librariorum
710 571 831 626 tabernis
841 573 979 626 venalitiis
988 573 1135 638 assidebat,
1154 583 1182 626 et
1197 574 1231 627 ad
1243 574 1386 630 bominum

307 663 408 708 turmas
425 674 453 710 se
466 657 562 710 eodem
575 659 745 728 cogentium,
761 660 844 711 verba
864 659 1005 729 magnifica
1026 660 1141 729 perinde
1159 660 1336 714 mirabundus
1357 670 1386 714 et
1410 702 1413 724 2

308 743 597 817 stupidusiactitabst,
618 751 746 797 consueta
760 744 894 814 quaedam
908 745 1018 810 dedeo,
1035 745 1122 820 longis
1134 745 1278 801 v'erborum
1289 747 1384 804 amba-

307 829 395 900 gibus,
412 829 469 893 bis,
488 832 537 900 qui
552 846 580 882 se
599 830 829 884 circumsisterent
845 832 1062 900 postulantibus,
1088 818 1259 902 qualisnam
1280 833 1385 885 scilicet

307 926 378 968 esset
393 917 436 967 iili
450 923 558 981 natura,
576 933 646 986 quae
657 934 720 968 uam
736 917 897 979 substantia,
915 926 1007 970 utrum
1024 919 1175 983 afliciatur,
1193 928 1285 971 utrum
1302 935 1384 971 curae

305 1004 342 1055 sit
357 1019 471 1072 expers,
491 1011 518 1055 et
540 1004 594 1054 alia
606 1003 739 1074 quaedam
759 1005 903 1063 eiusmodi.
922 1007 970 1075 qui
987 1021 1051 1062 vero
1069 1007 1122 1057 ista
1141 1004 1328 1075 profitebatur,
1346 1021 1383 1056 ne

305 1089 506 1162 grammaticum
524 1089 635 1158 quidem
658 1089 757 1142 adiisse
776 1107 898 1159 unquam
922 1077 1100 1154 crediderim,
1129 1108 1180 1145 nec
1201 1091 1285 1143 risam
1311 1091 1383 1142 iorte

304 1176 447 1226 rectiorem
474 1176 569 1243 egisse.
604 1175 739 1228 Proinde
760 1183 861 1244 putent
886 1174 917 1228 bi
943 1177 1024 1228 facile
1046 1176 1153 1246 aliquid
1170 1193 1228 1228 esse
1250 1184 1279 1227 et
1298 1177 1382 1246 plane

303 1261 549 1330 promptissimum,
567 1268 617 1314 aut
628 1262 729 1331 cuique
741 1261 879 1331 pervium,
897 1261 973 1332 quod
987 1263 1066 1332 vulgo
1082 1263 1181 1325 fertur,
1197 1259 1295 1330 pedem
1314 1278 1381 1329 por-

303 1347 375 1416 rige,
400 1354 428 1399 et
451 1346 628 1414 Theologiam
646 1348 771 1418 attinge:¹
790 1346 962 1419 quambene
986 1357 1091 1403 constet
1111 1365 1169 1400 rem
1187 1364 1244 1400 esse
1269 1355 1297 1399 et
1316 1363 1383 1415 pro·

302 1431 403 1497 batam,
421 1438 450 1484 et
464 1433 699 1501 inexplicabilem,
722 1441 750 1485 et
763 1433 845 1502 longe
857 1434 1035 1501 superiorem,
1054 1450 1136 1506 quam
1152 1441 1183 1488 nt
1199 1449 1258 1489 eam
1271 1431 1380 1502 assequi
1397 1440 1400 1444 ’

303 1518 430 1586 cogitatio
454 1526 537 1590 queat
553 1519 754 1588 imperitorum,
774 1519 830 1590 qui.
841 1519 991 1587 ignorando
1010 1519 1082 1572 iranc
1098 1519 1276 1573 demirentur.
1311 1519 1382 1570 Sunt

302 1619 435 1673 namque,
460 1603 508 1678 qui
535 1605 641 1675 vesperi
660 1621 693 1656 ex
715 1606 774 1672 ipsa
795 1605 887 1658 statim
912 1605 1045 1660 ebrietate
1068 1613 1097 1660 et
1122 1604 1234 1672 crapula
1252 1604 1381 1672 impediti

302 1689 470 1759 quammulta
484 1686 669 1752 deblatereut,
688 1689 778 1761 deque
792 1690 1026 1745 excellentissimis
1039 1689 1122 1744 rebus
1140 1689 1204 1752 illis,
1223 1688 1380 1758 divinisque

302 1773 508 1846 quaestionibus
529 1792 666 1829 sermones
685 1774 843 1829 indecenter
864 1779 1040 1845 incoeptent,
1066 1784 1095 1828 ct
1119 1777 1150 1828 in
1172 1774 1306 1831 eiusmodi
1324 1792 1380 1828 nu·

300 1861 389 1931 gando
404 1859 538 1925 delirent,
557 1869 585 1914 et
600 1860 673 1914 haud
687 1878 762 1914 secus
779 1877 812 1915 ac
825 1864 875 1934 qui
885 1862 973 1915 aleam
988 1860 1108 1926 ludunt,
1133 1862 1263 1916 rixentur.
1297 1861 1379 1917 Hisce

300 1949 331 2003 in
362 1948 444 2000 rebus
475 1948 660 2019 principatum
692 1955 788 2002 nactus
817 1949 957 2013 «Uraniae,
990 1947 1105 2018 perinde
1138 1948 1297 2002 Homericus
1329 1945 1379 2001 ille
1403 1999 1406 2003 ,

300 2032 440 2094 ‘Thersites
467 2033 536 2087 alios
567 2033 716 2104 arguebat,
743 2033 945 2105 extrahereque
974 2035 1013 2099 in¹
1028 2033 1140 2102 longum
1164 2048 1301 2085 sermones
1315 2032 1381 2096 ,mir

298 2120 388 2178 nime.
403 2117 568 2184 desistebat,
593 2121 645 2173 etsi
674 2120 741 2178 alias
766 2119 801 2174 de
825 2110 878 2172 deo
902 2118 976 2172 haud
995 2119 1059 2173 ratis
1076 2125 1149 2173 reete
1168 2119 1296 2170 sentiret:
1327 2134 1378 2171 nec

300 2223 364 2261 sane
392 2205 619 2277 disceptationem
653 2206 777 2270 sinebat,
803 2205 905 2258 iamdiu
929 2213 1116 2275 occoepimus,
1156 2203 1252 2261 ordine
1280 2203 1378 2256 saltem

298 2311 347 2346 ruo
369 2292 534 2364 procedem3
561 2293 609 2347 red
627 2294 762 2363 apertiora
784 2295 878 2363 potius
904 2291 1105 2353 confundebat,
1132 2298 1162 2345 et
1179 2291 1319 2362 quaesitae
1335 2290 1377 2344 rei

296 2379 474 2449 propulsabat
499 2381 695 2432 inventionem.
729 2379 853 2433 Volebat
869 2377 915 2430 bic
938 2378 1054 2430 forsitan
1077 2376 1196 2429 Platonis
1214 2376 1375 2443 Pythonem,

298 2465 464 2538 Sextumque
483 2464 611 2537 denique·
621 2466 738 2527 imitari,
766 2471 795 2515 et
813 2480 907 2517 eorum
923 2477 998 2517 more
1014 2463 1204 2533 responsiones
1221 2471 1253 2519 ut
1270 2463 1377 2528 fierent,

297 2558 329 2601 ut
348 2553 410 2603 iinis
429 2560 500 2602 esset
519 2552 561 2601 nii
579 2549 730 2612 obturbari,
751 2549 816 2617 quia
834 2548 866 2601 id
883 2548 973 2601 anime
992 2558 1195 2619 praesumptum
1216 2550 1272 2602 iam
1295 2557 1376 2611 esset,

296 2637 369 2691 nihii
392 2652 450 2688 esse
475 2637 586 2704 penitus
610 2638 798 2687 constitutum.
833 2634 888 2689 Sed
906 2636 1044 2699 Platonica
1060 2636 1113 2687 ista
1133 2634 1208 2688 haud
1233 2636 1300 2688 satis
1324 2635 1375 2691 itte

295 2723 437 2783 didicerat,
456 2722 485 2773 ni
504 2720 574 2775 sorte
593 2720 718 2773 alicunde
736 2728 850 2773 venatur
863 2736 998 2790 perpauca
1012 2721 1177 2791 collegisset,
1194 2721 1295 2792 quibus
1311 2738 1377 2789 pouq

295 2816 336 2861 set
360 2806 512 2860 ineruditos
535 2807 589 2860 iam
616 2807 716 2859 fallere.
752 2807 788 2859 itt
811 2806 1039 2879 quemadmodum
1062 2793 1204 2866 literarum
1227 2816 1285 2861 erat
1301 2809 1325 2859 is
1343 2824 1373 2871 re

292 2896 419 2964 ignarus,
444 2896 485 2947 its
509 2902 537 2945 et
560 2894 694 2951 bonorum
720 2910 825 2945 morum
844 2895 965 2946 omnium
986 2912 1088 2963 expers.
1113 2894 1373 2965 istiusmodi-quum

293 2989 365 3033 esset
384 2981 510 3043 liraniur,
525 2981 560 3033 ad
573 2981 664 3033 Persas
682 2998 711 3033 se
729 2980 856 3045 contulit,
874 2998 923 3049 per
940 2981 1127 3035 Areobindum
1145 2982 1262 3045 Persam,
1280 2991 1310 3034 et
1326 2998 1372 3033 res

291 3070 332 3137 gis
349 3073 415 3119 tuno
432 3071 581 3131 oratorem,
608 3076 639 3118 ut
656 3066 805 3119 cothurnus
823 3077 851 3120 et
867 3068 971 3121 nebulo
989 3067 1099 3131 ductus,
1124 3069 1253 3135 nimirum
1272 3069 1321 3138 qrri
1339 3084 1373 3124 ea

291 3151 345 3210 sibi
364 3161 521 3205 ornamenta
540 3152 639 3205 stolide
658 3152 840 3216 vendicasset,
859 3154 959 3225 quibus
976 3155 1086 3210 omnino
1104 3162 1222 3217 careret,
1240 3154 1390 3222 pallium-7

291 3254 346 3309 que
365 3241 489 3307 protinus
512 3238 619 3303 induit,
647 3237 721 3311 quod
739 3238 944 3308 disciplinarum
967 3242 1089 3309 magistri
1109 3247 1211 3308 gestare
1230 3239 1302 3307 apud
1319 3257 1370 3292 nos

289 3327 386 3380 soient.
424 3324 468 3377 Sic
491 3328 584 3399 itaque
609 3324 717 3395 obstipa
740 3325 912 3397 superbaque
932 3326 1003 3379 facie
1023 3324 1168 3377 Chosroem
1192 3326 1284 3381 adivit
1308 3334 1369 3381 tum

289 3413 339 3464 ilie
356 3412 499 3480 inopinato
521 3413 653 3465 miraculo
678 3413 817 3482 percitus,
835 3420 864 3464 et
880 3428 987 3465 sacrum
1003 3409 1111 3481 aliquid
1126 3427 1184 3463 esse
1195 3410 1368 3479 imaginatus,

287 3502 497 3569 suspicatusque
515 3514 608 3551 verum
625 3497 699 3551 hunc
713 3516 771 3552 esse
788 3496 997 3568 philosophum,
1017 3495 1091 3569 (nam
1114 3504 1142 3548 et
1157 3499 1197 3549 ita
1212 3496 1286 3565 apud
1302 3497 1368 3549 Pers

288 3602 330 3640 ras
347 3582 538 3655 vocitabatur),
559 3580 677 3637 eundern
703 3584 776 3637 hunc
795 3590 823 3636 et
838 3584 929 3636 libens
947 3582 1029 3647 vidit,
1051 3600 1083 3635 ac
1100 3582 1218 3652 benigue
1237 3585 1365 3652 suscepit,

235 3676 237 3681 '
287 3670 381 3740 Magos
400 3668 502 3723 deinde
521 3667 556 3721 ad
573 3686 602 3721 se
620 3677 796 3732 convocatos,
822 3685 884 3721 cum
905 3685 976 3721 noto
996 3667 1164 3738 philosopho
1181 3676 1213 3720 ut
1230 3685 1366 3721 sermones

286 3756 455 3821 conferrent,
484 3756 640 3823 constituitp
667 3754 757 3826 deque
776 3770 870 3807 rerum
895 3762 957 3807 ortu
979 3764 1133 3825 naturaque
1152 3762 1185 3807 ut
1203 3752 1365 3822 disceptatio

284 3841 441 3904 baberetur,
460 3843 592 3909 iniunxit3
617 3849 646 3895 et
664 3848 756 3896 utrum
773 3839 803 3893 id
822 3845 914 3905 omne,
933 3841 1009 3911 quod
1025 3840 1137 3903 visitur,
1161 3841 1243 3893 finem
1260 3841 1297 3893 sit
1311 3838 1383 3910 bap

285 3929 427 3994 blittrumt
445 3944 542 3985 numre
552 3946 637 3987 unum
654 3944 712 3983 esse
729 3928 851 3988 omnium
868 3943 957 3979 rernm
973 3928 1139 4001 principiam
1155 3925 1307 4001 putandum
1321 3926 1367 3987 sit.
