3109 4950
445 356 448 363 ,
550 316 833 385 nistomtnuu
860 326 901 387 ιι.
921 325 953 394 6.
1246 290 1301 409 75

221 494 313 556 γουσι
327 458 394 558 ’γάρ
415 468 449 537 αἱ
464 468 569 548 άκίδες
593 469 684 539 ἔνδον
703 474 886 557 ένεχάμοναι
901 474 941 561 τῇ
957 477 1066 562 σαρκί,
1095 476 1152 542 καί
1163 477 1339 562 πικροτέ-λ.
1350 486 1380 542 C.
1398 488 1449 547 ast

222 596 281 656 ρας
300 570 473 655 έπάγαυσαι
488 567 545 649 τάς
564 570 696 654 δδύνας,
726 569 808 637 utare
829 574 860 638 εἰ
873 576 929 639 καί
943 571 989 659 μῆ
1004 573 1130 660 καιρίαν
1142 573 1196 640 τὸν
1210 561 1329 640 nott-¹·
1340 560 1360 611 L
1370 577 1402 631 ²7

221 694 294 752 μιαν
308 672 472 756 τρωθῆναι
491 674 708 755 ξυνενεγδείη,
741 666 822 735 ἄλλά
836 668 936 760 ταύτῃ
960 696 996 755 γε
1018 673 1246 759 διαφθαρῆναι.
1274 676 1304 739 εἰ

224 771 259 831 δέ
278 792 313 851 γε
336 771 369 844 ἐς
388 767 508 832 άσπίδα
530 767 658 853 παγείη,
689 769 905 855 άποκρέμαται
927 773 987 850 μὲν
1009 768 1122 834 αὐτίκα
1141 773 1175 849 ἐξ
1197 770 1305 855 αὐτῆς,

202 868 278 933 tuat
295 866 553 951 ξυμπεριάγεται,
576 870 750 953 παραμένον
771 870 807 933 έν
826 869 870 955 τῷ
888 865 999 953 ἐδάφει
1017 869 1074 933 rori
1089 868 1303 953 ἀπολήγοντος·

222 964 293 1029 ὅδὲ
316 968 444 1049 βληθείς
473 956 545 1030 αύτο
572 962 734 1043 ἐξελκύσαι
766 967 857 1030 τοῦτο
882 963 921 1051 δὴ
943 967 1076 1031 δύναται
1092 963 1129 1031 τὸ
1149 965 1228 1051 δάρυ
1247 962 1301 1032 διά

221 1061 278 1149 τὴν
295 1060 437 1129 εἴσδυσιν
452 1066 517 1129 τῶν
531 1059 666 1147 αἰκίδων,
696 1056 766 1129 σύτο
784 1065 869 1150 ξίφει
887 1066 1063 1147 διατεμεῖν,
1091 1068 1136 1155 τῆ
1149 1063 1194 1150 μῆ
1219 1068 1320 1151 ἔφυ-Β

221 1167 365 1228 κυεῖσθαι
382 1164 439 1229 τοῦ
456 1160 567 1245 ξύλου,
600 1160 680 1228 άλλά
696 1161 750 1230 τὸν
760 1167 891 1250 σίδηρον
906 1164 1154 1249 παρατετάσθαι.
1175 1162 1303 1228 ἐπειδάν
1341 1207 1344 1212 >

223 1264 258 1351 δὲ
274 1262 361 1326 τούτο
381 1262 481 1327 ἐσίδω
503 1261 520 1325 o‘
544 1259 709 1347 Φράγγας,
740 1259 812 1330 ὅδὲ
834 1260 954 1351 άθρόον
976 1260 1087 1345 ἐπιβάς
1102 1265 1146 1353 τῆ
1163 1260 1238 1326 ποδί
1251 1263 1307 1328 κατ’

183 1358 400 1459 ιοέμπατῆσας
415 1359 470 1427 τὸν
485 1366 684 1448 σαυρωτῆρα,
706 1365 891 1450 καταβρίδει
901 1360 959 1449 τὴν
972 1363 1091 1426 άσπίδα
1099 1362 1155 1425 καί
1168 1363 1303 1444 κατάγει,
1365 1421 1370 1429 .

217 1458 263 1535 ὥς
281 1458 479 1541 άπαχαλάσαο
494 1458 553 1547 τῆν
572 1466 628 1527 τοῦ
645 1465 794 1549 φέροντος
812 1470 905 1549 χεῖρα
915 1512 926 1543 ,
946 1460 1002 1525 καί
1020 1462 1226 1543 γυμνωθῆναι
1243 1455 1301 1542 τῆν
1379 1518 1386 1529 .

219 1555 358 1642 κεφαλῆν
376 1559 430 1621 καί
452 1556 489 1623 τδ
504 1560 649 1647 στέρνον.
669 1558 739 1625 τότε
762 1558 800 1645 ts}
817 1554 874 1627 οὖν
888 1555 986 1625 αύτδν
1008 1550 1167 1645 ἄφρακτον
1184 1560 1302 1633 ἐκεῖνος

217 1648 298 1721 ἕλάν
318 1654 432 1743 ῥᾳδίως
444 1656 625 1741 ἀπόλλυσιν,
646 1652 669 1743 ἢ
684 1658 719 1724 τὸ
736 1661 881 1741 μέτωπον
897 1662 1019 1724 πελέκει
1035 1655 1191 1738 πατάξας,
1211 1650 1302 1741 ῆδά-

216 1776 291 1838 ρατι
308 1749 404 1845 ἑτέρῳ
420 1754 476 1841 τὴν
488 1754 634 1844 φάρυγγα
655 1756 811 1835 διελάσας.
833 1756 964 1843 τοιαύτη
978 1760 1038 1840 μέν
1059 1764 1124 1833 τοῖς
1145 1751 1302 1840 Φράγγυις

179 1848 236 1939 Ιόῆ
254 1847 392 1937 ὅπλισις,
420 1856 475 1920 καί
491 1858 526 1923 ἐν
546 1858 649 1922 ταῖσδε
661 1853 703 1921 τά
717 1859 751 1934 ές
763 1855 820 1921 τδν
833 1856 970 1939 πόλεμον
986 1850 1259 1942 παρεσκευάζοντο.

297 1950 332 2027 ς’.
356 1958 488 2041 Ναρσῆς
513 1956 549 2019 δέ
573 1954 667 2021 trata
687 1954 861 2037 Ῥωμαίων
877 1951 1049 2041 στρατηγὸς
1071 1950 1179 2037 έπειδῆ
1193 1953 1298 2017 ταῦτα

214 2052 357 2136 ἓγνωκει,
389 2053 503 2118 αὐτίκα
523 2048 573 2137 άγε
590 2049 707 2119 άπαντι
719 2056 765 2141 τῷ
779 2058 903 2143 στρατῷ
918 2047 999 2139 άρας
1023 2054 1059 2117 ἐκ
1080 2055 1136 2137 τῆς
1156 2047 1328 2135 Τάμμα

212 2149 498 2236 στρατοπεδεύεται
517 2146 554 2217 ού
571 2147 679 2239 πόρρω
695 2153 759 2217 τοῖν
783 2150 957 2233 πολεμιων,
978 2146 1046 2215 ἀλλ’
1066 2143 1141 2214 άσον
1156 2148 1297 2229 πατάγου

211 2270 247 2311 τε
271 2243 395 2315 ἀκούειν
402 2301 412 2332 ,
440 2249 496 2315 καί
515 2254 624 2341 διορᾷν
646 2249 683 2316 τὸ
698 2249 892 2335 χαράκωμα·
912 2244 996 2313 οὕτω
1011 2250 1047 2313 δέ
1064 2248 1127 2313 τάν
1145 2268 1299 2330 στρατευ.

168 2352 321 2431 πομάτων
338 2350 481 2435 άλλῆλοις
497 2352 737 2439 άναφανέντων,
766 2347 863 2434 πολλῆ
875 2352 936 2431 μὲν
953 2344 1145 2432 ἑκατέρωθεν
1157 2344 1298 2430 ύπῆρχεν

284 2440 488 2526 ιζένεχδμεναι
497 2456 529 2525 τῇ
539 2457 632 2526 σαρκὶ.
642 2454 727 2526 lntpr.
736 2454 846 2510 cervice
856 2454 942 2507 tatius
951 2450 1068 2509 λσιτιπι
1084 2446 1127 2520 (i).
1180 2448 1296 2514 nlntpr.

280 2524 390 2596 legebat
408 2525 566 2595 ἐπάγουσιτ
586 2525 674 2598 affert.
761 2525 787 2592 4.
806 2526 834 2582 ἐς
847 2541 899 2576 ατο.
909 2525 939 2575 R.
1045 2521 1069 2574 5.
1088 2519 1298 2590 συρομένουλλ,

282 2597 425 2668 θυρθμὲνν
445 2597 515 2668 vulg.
585 2599 609 2650 6.
631 2595 696 2649 οὔτε
713 2594 860 2656 ἐξελκύσαι
883 2595 912 2647 n.
937 2591 1019 2665 (et),
1039 2589 1104 2645 οὔτε
1129 2587 1298 2650 ξυνελκύσαι

281 2666 361 2790 ἶῐὲέεὲ
382 2684 447 2790 adp
465 2664 557 2790 ξζίιῆρι
574 2667 605 2720 Β.
711 2681 750 2722 τα.
770 2662 860 2722 attor
876 2663 939 2717 add.
957 2681 993 2718 cx
1007 2664 1054 2726 a,
1077 2662 1161 2731 Intpr.
1184 2659 1295 2713 λοττιτι

216 2817 371 2885 deminuo,
390 2823 433 2873 uti
440 2822 586 2876 verisimile
596 2829 646 2887 est,
664 2820 762 2892 cuspis,
780 2838 871 2894 neque
884 2822 907 2874 is
919 2821 967 2893 qui
980 2820 1051 2873 ictus
1064 2825 1106 2874 est
1121 2835 1212 2890 neque
1226 2818 1296 2870 alius

213 2892 357 2960 quisquam
375 2892 456 2944 facile
479 2894 565 2946 telum
585 2894 700 2946 evellere
719 2900 821 2962 potest;
849 2891 961 2944 obstant
986 2893 1060 2942 enim
1083 2890 1229 2942 acuminati
1252 2889 1297 2939 ilii

211 2957 318 3012 bamuli
335 2963 416 3014 altius
433 2965 508 3014 carni
522 2962 704 3026 inhaerentes,
722 2971 750 3014 et
758 2961 870 3013 acerbos
885 2962 1019 3014 cruciatus
1033 2961 1161 3022 excitant,
1183 2958 1251 3010 adeo
1264 2965 1298 3010 ut

212 3031 295 3082 etiam
314 3033 337 3084 si
358 3032 464 3085 hostem
486 3050 659 3105 nequequam
675 3033 757 3084 letale
779 3033 878 3083 vulnus
895 3031 1029 3098 accepisse
1043 3030 1196 3098 contingat,
1217 3043 1251 3078 ex
1262 3043 1296 3079 eo

211 3107 303 3154 tamen
317 3103 442 3155 intereat.
462 3103 492 3154 si
501 3120 565 3155 vcro
579 3112 655 3156 scuto
668 3102 817 3171 impactum
829 3101 922 3163 fucrit,
936 3100 1026 3152 statim
1041 3115 1074 3149 cn
1090 3114 1122 3148 co
1135 3094 1297 3167 propendet,

210 3179 241 3221 et
249 3172 449 3244 circumagitur,
467 3173 559 3224 infima
575 3173 618 3224 sui
630 3181 707 3241 parte
722 3173 926 3224 solumvcrrens
940 3178 1097 3222 coversans.
1132 3167 1158 3217 Is
1174 3182 1237 3219 vero
1249 3165 1297 3234 qui

211 3239 280 3292 ictus
296 3251 352 3307 cst,
371 3260 461 3315 neque
481 3245 568 3296 telum
586 3251 662 3295 scuto
676 3243 794 3297 evellere
810 3241 899 3304 valet,
917 3238 1034 3290 hamulis
1046 3234 1182 3288 mordicus
1199 3233 1297 3286 inhac-

210 3311 354 3378 rentibus,
379 3330 468 3384 nequc
483 3330 547 3365 ense
564 3320 722 3382 amputare,
760 3309 816 3362 nod
830 3309 959 3361 nimirum
973 3307 1008 3360 ad
1021 3308 1125 3376 lignum
1161 3305 1296 3373 ertingcre

210 3396 266 3432 non
275 3384 370 3452 parsit,
379 3384 474 3436 ferreis
484 3385 602 3448 laminis,
618 3383 717 3454 quibus
732 3331 761 3432 ib
776 3379 925 3432 obductum
938 3387 987 3441 cst,
998 3323 1204 3440 obsistentihuu
1223 3372 1297 3445 quod

210 3451 325 3504 simulac
342 3453 443 3507 viderit
458 3455 593 3518 Francus,
614 3452 757 3506 confestim
769 3449 840 3519 pede
856 3451 980 3513 insultat,
997 3457 1026 3500 et
1042 3445 1298 3526 proculcansimam

209 3517 330 3586 hastam,
348 3533 454 3576 scutum
471 3525 592 3592 pondere
610 3526 652 3576 sui
670 3523 790 3592 corporis
808 3519 952 3589 deprimit,
976 3520 1017 3570 ita
1031 3525 1076 3580 nt,
1113 3523 1227 3568 ostanus
1238 3530 1298 3566 ma-

209 3608 248 3642 nu
260 3609 317 3645 sese
329 3594 458 3646 nonnihil
464 3595 573 3650 laxante
587 3612 618 3648 ac
636 3594 801 3653 remittente,
816 3599 900 3660 caput
914 3599 942 3644 et
953 3598 1047 3660 pectus
1060 3535 1206 3640 nubentur.
1225 3584 1298 3666 Tum

207 3659 258 3712 illc
273 3663 378 3716 nudum
397 3665 503 3726 hostem
519 3683 608 3738 neque
623 3667 760 3717 munitum
776 3671 873 3713 nactus
889 3661 970 3713 facile
989 3658 1122 3717 trucidat,
1141 3656 1197 3708 sive
1209 3670 1297 3711 accurs

207 3730 328 3784 frontem
342 3737 461 3799 seriens,
480 3737 535 3788 sivo
560 3737 613 3790 alia
630 3735 708 3788 hasta
724 3733 848 3803 iugulum
863 3733 1010 3784 traiiciens.
1052 3729 1091 3780 Ac
1105 3727 1168 3778 talis
1185 3723 1296 3796 quidem

208 3809 252 3853 est
268 3803 434 3858 Francorum
448 3814 598 3870 armatura,
619 3815 701 3878 atque
716 3805 755 3855 ita
769 3803 805 3854 ad
824 3803 961 3872 proelium
980 3797 1189 3869 apparabantur.

277 3875 303 3925 6.
339 3875 510 3930 Narsesvero
523 3878 634 3929 Romani
650 3877 784 3928 exercitus
800 3883 910 3943 praetor
925 3873 975 3925 ubi
993 3869 1213 3938 haeccognovit,
1238 3873 1296 3918 sta-

206 3942 258 3992 tim
277 3951 306 3996 ct
324 3947 383 4015 ipsc
403 3950 530 4000 universo
547 3950 667 4000 exercitu
689 3950 772 3997 Roma
791 3946 905 4007 educto,
933 3960 989 3995 non
1008 3939 1153 4010 proculab
1169 3935 1295 3989 hostibus

205 4021 292 4066 castra
312 4015 398 4081 locat,
418 4017 467 4070 sed
482 4017 555 4070 unde
569 4027 597 4070 et
610 4019 739 4086 strepitus
755 4015 878 4067 exaudiri
899 4021 927 4064 et
945 4013 1045 4065 vallum
1060 4011 1180 4079 conspici
1194 4014 1295 4076 posset.

205 4081 266 4134 Hoc
284 4088 378 4158 itaque
395 4088 477 4140 modo
502 4104 562 4137 curn
590 4088 644 4140 duo
666 4087 801 4138 exercitus
823 4087 853 4136 in
873 4093 998 4135 mutuum
1012 4090 1185 4149 conspectum
1202 4077 1295 4126 venit·

202 4164 285 4220 cent,
304 4166 427 4212 accurate
438 4160 567 4228 utrinque
579 4160 650 4209 acies
665 4157 890 4217 instruebantur,
915 4152 1106 4224 praesidiaque
1122 4158 1150 4202 et
1164 4145 1294 4199 excubiae

204 4223 380 4299 locabantur,
403 4237 432 4284 ct
446 4229 528 4284 διιατι
546 4227 655 4283 ordines
672 4227 806 4284 militares
823 4225 946 4281 obibant
990 4225 1057 4295 Spes
1071 4238 1135 4278 vero
1150 4227 1179 4272 et
1196 4222 1293 4278 metus,
