3109 4950
441 319 725 396 uniondum
743 333 794 395 υ.
819 336 871 400 ιο.
1133 307 1233 414 399ξ

136 482 181 570 τῷ
204 477 323 568 ἀπείρῳ
342 478 436 544 alaisa
458 482 681 567 συμφέρεσθαὶ
701 486 839 565 λέγουσι·
865 483 923 547 νῦν
939 483 1000 564 μὲν
1016 475 1141 566 ἀγαθός
1160 479 1216 546 καί
1220 494 1249 549 Α.
1260 493 1289 547 C.
1308 493 1360 550 558

136 581 346 673 ου’δαίμονας,
379 579 438 644 νῦν
464 579 499 643 δὲ
518 578 685 665 μοχθηρὰς
702 579 757 644 καί
771 575 976 668 ἀποφράδας,
1005 576 1089 646 εἶναί
1107 605 1140 646 το
1159 567 1274 664 τήτῃ·
1294 567 1327 620 ³²

138 677 302 764 παροῦσαν
325 674 504 763 περιφοράν
521 679 557 742 ἐκ
584 680 648 744 τῦν
669 679 956 746 κακιστωνέκείνων
977 678 1033 746 καί
1054 675 1222 744 ἀπαισίων·

139 779 286 842 ἐντεῦθεν
307 777 475 860 τοιγαροῦν
493 780 658 857 ,πολέμους
679 801 713 840 τε
737 777 922 860 ἁπανταχοῦ
941 777 1146 856 ξυνίστασθαι
1167 779 1248 840 καίΒ

118 870 268 952 ὅστάσεις
292 883 363 951 ταῖς
384 871 512 956 πόλεσι,
540 879 594 939 καί
610 873 650 941 τά
672 873 811 961 λοιμοόδη
836 877 925 962 πάθη
949 873 1066 959 μόνιμά
1085 900 1119 940 τε
1141 870 1223 940 εἶναι

139 976 197 1038 καί
222 976 416 1058 συνημμένα.
437 974 552 1059 ἕτερον
572 977 608 1039 δὲ
631 969 727 1060 ἀρχὴν
752 979 812 1040 τοῦ
823 975 995 1062 κρείττονος
1018 977 1120 1042 αἰτίαν
1143 971 1229 1041 εἶναί

140 1096 226 1159 φασι
248 1075 303 1156 τῆς
326 1073 467 1158 φθοράς,
497 1074 667 1153 μετιοῦσαν
691 1068 787 1152 ἀξίως
807 1073 845 1139 τὰ
868 1077 926 1138 τοῦ
948 1073 1147 1159 ἀνθρωπείου
1172 1074 1223 1156 γά-

139 1193 216 1247 νους
235 1167 434 1254 ἀδικήματα,
457 1173 514 1234 καί
534 1168 568 1235 τό
582 1174 701 1255 πλῆθος
716 1171 979 1257 ἀποτεμνομένην.
1000 1171 1073 1254 ἐμοί
1089 1175 1124 1236 δὲ
1140 1176 1225 1236 διαι-

141 1271 202 1356 τηῖν
222 1264 356 1357 ἑκατέρᾳ
376 1266 451 1356 δόξῃ
475 1265 531 1332 καί
554 1269 791 1354 ἀποφαινεσδαι
825 1269 883 1356 την
918 1266 1133 1355 ἀληθεστάτην
1168 1270 1225 1334 οάκ

105 1370 329 1454 τοέγχειρητέα
338 1417 349 1449 ,
369 1363 467 1450 τυχόν
485 1370 545 1448 μὲν
560 1368 637 1433 οῦδὲ
654 1369 860 1460 ἐπισταμένην,
881 1367 980 1453 τυχόν
1001 1373 1045 1452 δὲ,
1063 1372 1093 1434 εἰ
1112 1369 1166 1434 κατ’
1181 1373 1226 1436 τί·

143 1466 250 1550 δοίην,
281 1461 350 1530 ἀλλ’
372 1466 429 1530 ὀῦκ
453 1467 623 1549 ἀναγκαῖον
647 1465 739 1532 τοῦτό
763 1493 798 1553 ys
820 1464 900 1534 εἶναι
926 1471 1046 1551 δοκοῦν,
1083 1463 1157 1534 οῦδὲ
1183 1471 1226 1556 τῷ

143 1562 280 1651 παρόντι
296 1562 376 1652 λόγῳ
394 1567 561 1651 προσῆκον·
588 1563 689 1647 μόνον
713 1565 771 1653 γάρ
795 1591 852 1648 μοι
872 1570 930 1632 τοῦ
950 1568 1183 1652 συμβεβηκότος
1198 1568 1229 1631 εἰ

143 1666 202 1729 καί
217 1662 270 1728 διά
286 1664 434 1750 βραχέων
465 1665 707 1749 ἕπιμνησθίντι,
736 1665 824 1753 ότῇς
842 1663 982 1754 ἱστορίας
1002 1663 1229 1754 ἐκτοθεράπευ-

243 1755 269 1782 Γ
756 1779 758 1784 .

142 1788 197 1830 ται
214 1787 318 1846 νομος.
683 1851 685 1855 ¹

105 1859 143 1924 15
229 1862 284 1928 ια’.
328 1859 457 1930 Τοότων
475 1866 511 1930 δὲ
528 1857 877 1952 οότωξυνενεχθέντων,
899 1871 1058 1954 ἐπεγένετο
1075 1864 1131 1932 καὶ
1144 1856 1225 1934 ἀλλα
1273 1895 1275 1902 ’

143 1953 226 2026 ἀττα
247 1964 284 2049 τῇ
301 1960 390 2026 πόλει
405 1965 477 2028 κατ’
496 1965 596 2029 ἐκεῖνο
616 1967 675 2030 τοῦ
695 1969 819 2052 καιροῦ,
839 1970 982 2054 ταραχῆς
1000 1992 1033 2034 τε
1054 1963 1107 2032 καὶ
1130 1965 1258 2052 βορά-(ἓ

143 2066 205 2144 βου
226 2058 407 2144 ἀνάμεστα,
444 2063 502 2127 καί
534 2063 595 2146 οάχ
618 2056 717 2148 ἧσσον
740 2068 805 2131 τάν
831 2069 1002 2152 εἰρημένων
1029 2063 1234 2151 ανιαρότατα.

144 2155 243 2224 όποῖα
261 2161 296 2225 δὲ
314 2160 414 2226 ταῦτά
427 2162 531 2243 ἐστιν,
560 2163 675 2228 αῦτίκα
690 2167 771 2251 ε’ρτῦ,
792 2164 899 2250 βραχό
916 2190 948 2229 τι
968 2162 1121 2252 πρότερον
1150 2165 1233 2236 διεξ-

144 2256 255 2324 ελθών
274 2261 338 2324 τάν
355 2260 582 2348 ἀρχαιοτέρων.
609 2261 640 2330 οἱ
658 2254 775 2329 Οῦννοι
795 2261 830 2330 τό
844 2267 939 2348 γένος,
957 2263 993 2331 τό
1020 2265 1080 2346 μὲν
1102 2257 1234 2327 παλαιόν

102 2355 313 2448 τοκατηόκουν
331 2360 386 2445 τῆς
401 2358 591 2437 ’Μαιώτιδος
613 2360 723 2447 λίμνης
740 2361 780 2428 τοὶ
803 2362 883 2451 πρός
902 2359 1082 2450 ἀπηλιώτην
1106 2353 1231 2443 ἀνεμον,

144 2459 204 2523 καί
220 2448 306 2543 ἦσαν
326 2457 396 2525 τοῦ·
412 2455 566 2538 Τανάϊδος
588 2464 734 2545 ποταμοῦ
745 2446 982 2549 ἀρκτικοότόροι,
1009 2460 1153 2547 καθάπερ
1179 2461 1233 2525 καί
1241 2463 1274 2520 V.
1289 2461 1337 2521 108

144 2554 185 2626 τοὶ
208 2550 291 2622 ἀλλα
312 2553 462 2646 βάρβαρά
479 2557 575 2647 ἔθνη,
605 2559 707 2629 όπόοα
736 2558 821 2641 ἐντός
837 2562 964 2646 Ἰμαίοο
987 2553 1081 2649 όρους
1101 2555 1160 2625 ἀνὰ
1178 2558 1236 2645 τὴν

225 2678 248 2715 ι.
266 2655 382 2729 ἀγαθάς
406 2663 456 2727 λλ,
481 2660 613 2733 ἀμαθοῦς
634 2666 705 2736 vulg.
781 2684 807 2723 a.
825 2654 978 2739 μοχθηρός
994 2667 1040 2727 rt,
1068 2658 1237 2736 μοχθηροδς

221 2732 295 2802 vulg.
404 2750 442 2786 ro.
457 2736 484 2783 el
500 2751 552 2786 om.
573 2738 604 2789 il.
683 2755 724 2791 ιι.
742 2736 799 2790 ovs
820 2739 1032 2809 superscriptum
1050 2736 1079 2788 in
1097 2738 1126 2787 R.
1146 2752 1163 2787 a
1182 2746 1234 2787 rec.

222 2817 260 2853 m.
306 2818 343 2871 ¹7·
363 2800 543 2877 ἀνιαράτατα
560 2807 591 2859 R.
644 2824 686 2861 aa.
701 2809 814 2879 Ἶμαίον
832 2810 861 2861 ll.

148 2913 218 2959 sunt
236 2908 411 2976 peritissimi,
443 2916 595 2978 temporum
616 2910 785 2980 quorundam
801 2913 983 2965 revolutiones
999 2914 1029 2965 iu
1049 2910 1158 2963 infinito
1171 2922 1237 2959 aevo

145 2978 237 3033 simul
254 2977 319 3030 ferri
340 2990 478 3045 asserunt,
516 2980 598 3033 modo
621 2982 731 3052 quidem
752 2981 839 3035 bonas
861 3000 894 3033 ae
912 2983 1020 3045 felices,
1045 2980 1126 3033 modo
1147 2985 1238 3028 autem

170 3064 251 3101 ravos
267 3057 295 3100 et
311 3051 460 3103 infaustas:
490 3068 550 3103 esse
574 3065 636 3102 vero
649 3060 821 3119 praesentem
835 3053 1032 3105 revolutionem
1055 3067 1089 3103 ex
1112 3048 1237 3119 pessimis

148 3122 308 3188 sitiantque
324 3122 460 3174 infaustis.
486 3121 555 3173 Hinc
574 3138 637 3190 ergo
655 3130 683 3173 et
700 3121 773 3175 bella
793 3123 891 3191 passim
911 3130 939 3173 et
956 3119 1104 3173 seditiones
1121 3116 1238 3170 'urbibus

147 3191 231 3248 oriri
249 3200 332 3261 atque
349 3192 531 3255 invalescere,
562 3199 590 3243 et
612 3193 773 3261 pestilentes
794 3191 902 3243 morbos
924 3190 1110 3261 permultum
1130 3196 1238 3255 tempus

149 3266 255 3317 durare
274 3271 356 3333 atque
376 3260 579 3319 adhaerescere.
619 3261 675 3313 Alii
695 3277 760 3313 vero
786 3262 915 3313 interitui
938 3273 1044 3313 cansam
1065 3258 1099 3310 ad
1117 3255 1239 3309 divinam

149 3337 224 3388 iram
237 3333 372 3396 referunt,
390 3348 460 3403 quae
475 3331 588 3384 humani
605 3332 709 3401 generis
726 3339 835 3399 peccata
849 3334 959 3400 puniat,
977 3328 1238 3396 multitudinemque

149 3403 288 3459 succidat
323 3403 369 3455 Me
384 3419 448 3456 vero
461 3401 495 3453 de
510 3411 627 3473 utraque
644 3403 775 3471 opinione
792 3400 912 3454 iudicare
941 3404 1129 3469 verioremque
1144 3397 1239 3449 decer·

150 3490 226 3529 nere
241 3471 313 3525 nihil
324 3474 432 3535 attinet,
448 3474 492 3526 vel
508 3472 582 3543 quod
593 3474 712 3524 nesciam
725 3473 848 3535 fortasse,
867 3474 919 3538 vel,
935 3472 1042 3524 etiamsi
1058 3472 1130 3523 lorte
1145 3469 1238 3532 sciam,

151 3559 257 3615 parum
273 3550 366 3596 tamen
386 3544 568 3597 necessarium
595 3544 785 3607 idamaeam,
812 3559 904 3613 neque
925 3543 1062 3613 praesenti
1081 3540 1238 3593 tractationi

153 3621 382 3668 cousentaneum.
419 3615 456 3666 si·
470 3615 544 3667 euim
563 3614 683 3667 breviter
698 3630 768 3685 quae
782 3612 940 3671 acciderunt
960 3612 1175 3675 commemoravi,
1191 3608 1238 3665 hi-

151 3687 261 3746 sturiae
272 3686 327 3755 legi
335 3684 462 3738 satisfeci.
515 3739 518 3747 ,

211 3774 272 3809 ‚sn
307 3756 382 3807 llaec
402 3773 466 3807 vero
494 3772 555 3806 cum
585 3758 625 3810 ita
650 3754 826 3821 accidissent,
854 3756 908 3809 alia
928 3758 1011 3809 etiam
1035 3750 1169 3823 quaedam
1188 3770 1238 3823 per

152 3829 190 3887 id
203 3837 310 3895 tempus
324 3824 435 3876 inuste
447 3837 597 3880 evenerunt
609 3828 741 3879 tumultus
756 3844 788 3879 ac
801 3827 1014 3897 perturbationis
1030 3826 1125 3894 plena,
1147 3840 1239 3894 neque

154 3900 264 3960 miuus,
281 3910 362 3965 quam
375 3910 444 3963 quae
457 3893 583 3958 diximus,
599 3897 703 3948 acerba.
722 3896 823 3966 Qualia
836 3904 927 3949 autem
940 3895 1007 3948 haec
1020 3896 1132 3958 fuerint,
1145 3896 1239 3947 statim

154 3972 271 4032 dicam,
289 3964 312 4017 si
326 3964 402 4033 prius
420 3963 538 4016 breviter
558 3969 707 4018 vetustiora
723 3967 856 4035 quaedam
877 3981 1124 4018 commemoravero.
1160 3966 1239 4017 Hun-

156 4056 260 4095 norum
274 4051 339 4107 gens
354 4034 422 4088 olim
440 4035 549 4104 quidem
567 4036 703 4088 habitavit
716 4038 787 4088 circa
803 4054 862 4089 eam
879 4036 1025 4091 Maeotidis
1050 4034 1156 4105 paludis
1174 4052 1237 4104 par-

157 4120 229 4173 tem,
239 4125 311 4179 quae
327 4106 504 4159 subsolanum
513 4113 623 4157 ventum
633 4122 724 4157 versus
736 4115 855 4173 spectat,
877 4117 1009 4178 erantque
1027 4108 1113 4159 Tanai
1127 4105 1238 4156 flumine

159 4182 248 4249 magis
266 4179 517 4251 septentrionalem
553 4178 781 4248 quemadmodum
806 4186 834 4231 et
861 4179 931 4233 aliae
952 4178 1083 4235 barbarae
1104 4173 1240 4237 nationes,

162 4258 303 4323 φωνσιιοι
317 4254 389 4311 latre
414 4252 516 4305 Imaum
534 4255 655 4304 montem
670 4253 702 4304 in
713 4248 776 4305 Asia
789 4252 976 4307 consederunt.
1012 4250 1048 4305 lli
1063 4258 1127 4303 vero
1145 4256 1245 4299 omnes
1273 4304 1275 4309 ,
