3109 4950
222 359 227 372 ·
296 307 355 411 34
451 285 467 321 “
606 391 607 396 κ
675 319 955 414 saumana
1062 397 1065 402 .

151 487 220 544 Mb
235 486 287 545 55²
298 487 428 572 νόμενον
450 481 574 553 ἅπαντα
598 485 629 552 oi
652 484 711 572 τὴν
737 483 899 568 Σίβυλλαν
921 485 1023 573 φύειν
1045 457 1093 553 τύ
1111 479 1245 576 ύστερον
1272 492 1399 570 lunas*

167 561 189 613 ¹·
201 561 220 610 Ι·
235 561 270 614 ²⁶
295 587 427 672 χθέντα.
447 585 527 672 ύπὲρ
548 585 669 670 ταύτην
687 583 726 670 δὴ
741 577 877 672 ούνζξτῆν
891 583 1054 670 σπήλυγγα
1067 588 1165 674 μέρος
1180 611 1213 651 τι
1228 589 1288 652 τού
1308 611 1399 674 περι.

294 683 391 768 βόλον
414 682 573 770 ἐρήρειστο
590 683 646 748 καί
667 681 857 771 ἐφειστήκει.
898 686 1029 770 Naeuia
1047 683 1083 749 δὲ
1105 686 1196 750 τοῦτο
1216 683 1398 777 ἐπιφρασύ..

292 807 386 868 μενος
405 781 484 869 πρὸς
500 782 600 847 αύτού
619 775 702 849 εἶναι
717 775 818 871 ᾠήθη,
840 782 896 848 καί
910 776 968 849 oda
985 777 1103 850 αύτίκα
1119 777 1237 871 ἄνδρας
1252 785 1296 862 ὥς
1310 783 1408 850 nisi..

194 871 196 878 X
294 906 387 958 στους
406 879 466 945 sind
487 878 527 967 τὰ
545 885 633 944 κοῖλα
650 881 799 964 ἐμβαλών
819 884 876 946 τού
895 879 1069 966 σπηλαίου,
1092 877 1221 970 Ιύρμανα
1239 882 1414 971 φέρονταςὸ

291 975 444 1062 λιθοτόμοι
462 981 517 1044 καὶ
535 977 735 1068 τειχιιρύχα,
757 967 962 1060 ἐξεκδλαπτεν
976 979 1082 1067 ἡρέμα
1102 985 1158 1047 καί
1183 984 1326 1065 διέτεμεν
1339 981 1396 1047 τού

197 1104 208 1120 “
294 1073 407 1166 ἄντρον
424 1075 481 1144 τὸν
499 1071 630 1165 ὄροφον,
658 1077 739 1144 ἔνθα
762 1077 798 1144 τὸ
813 1078 917 1166 ἔρυμα
938 1075 1087 1167 ἧδραστα,
1119 1079 1176 1146 καὶ
1190 1083 1224 1158 ἒς
1243 1084 1395 1147 τοσούτον

293 1180 454 1256 ἐξέκοπτεν
481 1179 537 1242 καί
559 1173 760 1264 διεκύθαιρεν
790 1176 848 1262 την
862 1176 958 1260 βύσιν
979 1180 1034 1264 τῆς
1056 1181 1252 1263 οἷκοδομιας,
1271 1182 1305 1256 ἐς
1320 1174 1394 1249 ὅσον

217 1283 247 1338 V.
261 1268 361 1364 ιθῆδη
384 1273 442 1362 την
466 1271 581 1361 ἀρχὴν
593 1279 651 1340 τού
670 1277 820 1358 θεμελίου
854 1277 1128 1362 ἀπογυμνοῦσθαι
1161 1279 1233 1344 τότε
1255 1281 1291 1344 δὲ
1312 1278 1394 1358 ξύλα

292 1367 388 1465 ὄρθια
413 1375 447 1441 ἒν
463 1372 568 1462 κόσμῳ
587 1372 791 1462 ύπεστὴριζε,
813 1377 913 1464 ταύτῃ
932 1398 967 1441 τε
990 1371 1117 1463 οἷνεῖχεν
1131 1373 1217 1450 ἅπαν
1234 1375 1270 1442 τὸ
1288 1369 1434 1461 δι’χθυςιο

266 1497 351 1548 ’Βτου
382 1479 524 1558 τείχους,
561 1474 605 1550 ὥς
628 1471 674 1560 μη
698 1471 850 1562 ύποῤῥέοι
872 1472 954 1540 κατὰ
972 1475 1079 1563 βραχύ
1108 1481 1165 1544 καί
1186 1471 1393 1562 διαλύοιτοῆ

293 1577 448 1663 ἁρμονία,
478 1572 688 1658 evomatur&
714 1594 749 1638 τε
772 1576 828 1639 τού
847 1576 1010 1660 δρωμένου
1033 1585 1146 1659 ταχεῖα
1167 1579 1303 1662 μ’μνοιτο
1328 1584 1393 1652 τοῖς

290 1680 323 1742 Γ
320 1675 436 1752 ότθοις.
470 1668 493 1760 ἧ
514 1671 573 1759 γὰρ
599 1667 639 1738 ἂν
661 1677 729 1738 κατ’
747 1665 852 1762 ἀρχὰς
871 1672 972 1750 osiride
988 1674 1246 1762 ἐπιβοηθοῦντες,
1277 1677 1333 1750 καί
1349 1673 1386 1740 sd

295 1772 453 1850 πεπονθὸς
471 1768 675 1854 ἇκεσύμενοι,
706 1771 916 1860 διεφύλαττον
940 1771 1085 1841 τολοιπόν
1104 1770 1309 1860 βεβαιότατα
1339 1777 1394 1842 ἵνα

293 1871 390 1960 δὲμὴ
407 1873 539 1956 πάμπαν
552 1869 593 1936 τὰ
611 1871 785 1954 ποιούμενα
802 1875 973 1955 trapetas,
991 1876 1074 1959 μηδὲ
1090 1877 1149 1939 τού
1164 1871 1305 1957 πατάγου
1325 1876 1427 1960 arim

292 1973 445 2055 λατομίας
460 1972 617 2050 ἐποίσειν,
645 1971 716 2034 τότε
734 1968 773 2056 δι’]
791 1973 825 2048 ἐς
842 1966 891 2036 ὅτι
908 1973 1047 2054 μάλιστα
1062 1973 1248 2061 ἐπεφέροντο
1266 1964 1410 2057 εἷ’νῑοδενΙ

292 2073 336 2160 τῷ
356 2065 488 2154 τείχειὸ
510 2071 574 2135 τῶν
595 2065 770 2152 Ῥωμαίων
786 2067 936 2156 στρατὸς,
966 2071 1175 2151 ἀλαλάζοντες
1195 2069 1253 2136 καί
1266 2073 1393 2160 ἐπικρο-

292 2175 438 2248 τούντες·
458 2166 597 2256 θόρυβός
617 2191 649 2234 τε
673 2163 713 2255 ἦν
733 2169 816 2256 πέρα
830 2171 886 2235 τού
907 2165 1080 2254 ύναγκαύιυ
1096 2168 1193 2246 πολύς
1211 2171 1268 2236 καὶ
1294 2195 1394 2258 ταρα-

291 2269 398 2356 χιύδης
416 2269 436 2357 ἦ
453 2270 623 2356 πολιορκία.
645 2265 715 2334 ἐπεὶ
734 2270 770 2334 δὲ
787 2264 873 2334 δι’παν
898 2259 960 2356 ἤδη
974 2267 1011 2332 τὸ
1029 2276 1131 2352 τεῖχος
1145 2263 1259 2336 ὁπόσον
1271 2270 1315 2357 τῷ
1334 2262 1394 2336 ἄν.

260 2447 262 2450 ,
291 2393 354 2460 τρφ
381 2371 589 2456 παρετέτατο,
623 2369 770 2455 ἐκκρεμὲς
794 2389 829 2432 τε
854 2360 896 2452 ἧν
921 2370 978 2433 καὶ
997 2371 1175 2455 μετέωρον,
1205 2369 1260 2433 καί
1281 2366 1431 2451 μόνοιςαο

293 2471 474 2555 ἐπεβεβήκει
501 2476 566 2543 τοῖς
599 2468 719 2548 ξύλοις,
752 2461 828 2553 tit»)
853 2460 1049 2564 δρθυατύδην
1071 2468 1242 2553 ἐτύγχανον
1269 2468 1392 2556 ἐρηρει-

362 2606 387 2643 2.
407 2570 564 2656 σπη’λυγμα
579 2586 608 2637 n
619 2580 821 2657 ,σπήλυγγον
849 2588 921 2655 vulg.
1002 2586 1027 2639 6.
1050 2583 1179 2657 διέτεμεν
1196 2587 1245 2650 tt,
1261 2582 1393 2658 διέτεμνε

299 2662 302 2667 “
361 2660 433 2729 vtrlg.
475 2659 512 2726 ιη.
533 2655 723 2726 διεφύλαττον
737 2653 927 2721 τολοιαδνΗ.,
947 2655 1171 2727 διεφυλάττοντο
1193 2653 1302 2709 λοιπὸν
1318 2660 1390 2728 vulg.

334 2732 337 2741 '
366 2730 407 2785 ιό.
413 2727 485 2799 μηδὲ
493 2731 521 2780 R.
530 2728 626 2796 Lugd,
634 2728 718 2795 lntpr.
732 2742 813 2791 saeue,
827 2723 866 2799 μη
877 2725 910 2793 δη
926 2728 996 2796 vulg.
1031 2730 1071 2783 16.
1090 2727 1183 2797 ἐπεφέ
1199 2741 1265 2778 οντα
1278 2726 1393 2790 lmus·

362 2803 503 2871 φέρονται
514 2798 585 2867 vulg.
630 2814 668 2867 19.
686 2794 718 2851 τὸ
732 2806 827 2867 τεῖχος
839 2798 902 2853 add.
914 2801 945 2856 ll.
956 2800 1081 2867 etlntpr.
1127 2744 1390 2867 τοίπιβεβηκειλλ.

291 2920 458 2992 praedicere.
493 2920 580 2973 Aiunt
595 2932 660 2972 vero
683 2920 767 2973 etiam
787 2917 907 2974 Aeneam
934 2916 1070 2973 Anchisae
1090 2920 1178 2973 filium
1195 2936 1256 2974 cum
1284 2934 1317 2973 eo
1340 2933 1390 2972 vc-

291 2994 393 3055 nisset,
413 2990 545 3059 Sibyllam
574 2992 600 3043 ei
626 2993 719 3059 omnia
737 3007 808 3063 quae
827 2990 956 3062 deinceps
975 2989 1133 3045 acciderunt
1152 2992 1262 3046 dixisse.
1301 2990 1391 3061 Super

291 3062 362 3115 banc
389 3063 484 3133 itaque
514 3062 672 3132 speluncam
699 3080 761 3133 pars
787 3061 921 3131 quaedam
945 3064 1085 3114 moenium
1111 3063 1290 3115 incumbebat
1307 3070 1390 3131 atque

291 3132 470 3185 innitebatur.
509 3132 592 3204 Quod
616 3150 678 3185 cum
706 3131 944 3185 animadvertisset
961 3132 1077 3197 Nareae,
1094 3150 1146 3203 pro
1164 3150 1193 3184 sc
1213 3135 1303 3185 facere
1322 3150 1389 3184 cen-

291 3207 356 3267 suit,
375 3204 558 3274 immissisque
582 3205 675 3257 statim
698 3206 728 3255 in
755 3203 817 3255 illas
835 3206 907 3259 autri
927 3206 1109 3257 concavitates
1126 3204 1193 3256 viria
1216 3203 1389 3274 quampluri·
1442 3252 1447 3261 ,

291 3275 342 3325 mis
361 3274 550 3330 adferentibus
569 3291 659 3327 secum
687 3274 869 3327 iustrumenta
893 3274 1086 3330 exscindendis
1104 3276 1176 3327 saxis
1195 3283 1224 3327 et
1240 3272 1391 3328 suffodien-

292 3344 335 3397 dis
354 3346 437 3396 muris
457 3345 574 3408 idonea,
593 3346 733 3397 excavavit
751 3346 885 3415 paulatim
903 3353 987 3417 atque
1010 3345 1114 3399 excidit
1131 3344 1202 3397 antri
1221 3360 1388 3406 convexum,

292 3431 346 3486 qua
365 3423 442 3485 parte
452 3416 686 3485 propugnaculum
709 3417 735 3468 ei
752 3416 939 3483 innitebatur;
961 3433 994 3469 eo
1034 3433 1049 3469 e
1069 3415 1181 3469 tandem
1199 3414 1388 3467 exscindendo

292 3494 321 3540 et
339 3485 496 3543 abradendo
521 3484 608 3537 basim
626 3486 746 3539 aedificii
771 3488 920 3556 processit,
943 3495 976 3539 ut
1004 3505 1059 3539 ram
1078 3487 1190 3541 initium
1208 3484 1384 3539 fundamenti

291 3556 450 3609 nudaretur.
470 3556 541 3609 Tum
559 3566 648 3611 ereata
660 3558 691 3609 in
709 3556 834 3609 ordinem
845 3558 921 3628 tigna
937 3558 1098 3621 substituit,
1115 3574 1187 3628 quae
1205 3564 1294 3610 totum
1315 3554 1388 3608 muri

290 3628 399 3697 pondus
423 3634 628 3692 sustentarent,
656 3644 693 3679 ne
716 3627 851 3697 paulatim
872 3629 993 3681 resoluta
1027 3644 1169 3700 compages
1188 3633 1342 3688 corrueret,
1358 3630 1389 3677 et

287 3697 380 3755 Gothi
398 3699 467 3771 quid
490 3705 616 3767 ageretur
639 3699 730 3750 statim
749 3706 951 3768 cognoscerent.
978 3697 1048 3751 Nam
1067 3700 1173 3769 alioqui
1190 3698 1284 3751 statim
1303 3696 1388 3748 initio

292 3779 479 3833 occurrentes,
513 3776 692 3837 reparataque
712 3770 815 3821 iactura
833 3769 984 3821 firmissime
1008 3769 1138 3839 deinceps
1174 3784 1223 3821 sua
1249 3765 1387 3819 custodis-

292 3846 360 3889 sent.
379 3838 420 3891 Ne
441 3842 535 3911 itaque
554 3840 666 3891 omnino
688 3855 757 3909 quae
777 3839 929 3911 agebantur
947 3842 987 3892 eis
1005 3840 1226 3903 innotescerent,
1243 3852 1313 3891 neve
1330 3835 1388 3889 lra-

295 3924 343 3978 gor
369 3924 508 3967 caesorum
534 3926 660 3963 saxorum
685 3909 878 3973 exaudiretur,
902 3919 963 3964 tum
979 3913 1078 3981 utique
1096 3912 1232 3963 Romanus
1251 3906 1388 3960 exercitus

294 3991 398 4030 summa
415 3980 443 4031 vi
464 3982 494 4032 in
513 3981 658 4035 editiorem
675 3996 782 4034 murum
801 3983 933 4051 impetum
950 3982 1083 4045 faciebat,
1100 3981 1203 4049 magnis
1222 3976 1389 4031 clamoribus

295 4055 325 4101 et
351 4064 484 4101 annorum
507 4052 740 4121 complosiouibus
766 4053 899 4106 excitatis.
944 4052 1090 4107 Tumultus
1116 4054 1210 4121 itaque
1235 4057 1295 4102 erat
1313 4048 1389 4100 ultra

295 4134 378 4191 quam
394 4135 444 4188 par
465 4128 523 4173 erat
539 4138 651 4192 magnus
679 4130 707 4177 et
725 4122 886 4178 turbulenta
908 4121 1026 4177 obsidio.
1063 4122 1132 4175 Cum
1148 4137 1213 4174 vero
1238 4119 1294 4175 iam
1321 4134 1387 4171 ma-

294 4206 341 4243 rus
360 4207 413 4261 qua
431 4197 490 4243 erat
507 4192 537 4243 in
554 4195 625 4244 antri
642 4192 844 4263 longitudinem
860 4202 1002 4263 porrectus
1018 4198 1093 4246 totus
1106 4196 1234 4246 suffossus
1249 4197 1279 4243 et
1290 4205 1306 4242 e
1317 4186 1387 4240 sub-

293 4258 355 4317 limi
379 4258 518 4334 pendulus
536 4268 623 4327 esset,
638 4268 672 4318 ‘et
689 4272 794 4317 uatum
813 4265 897 4334 tignis
915 4265 1029 4320 &miter
1045 4264 1076 4319 in
1094 4262 1181 4320 altum
1197 4261 1298 4317 erectis
1323 4274 1387 4313 sus·
