3109 4950
325 312 403 371 110
690 342 693 349 ·
772 313 984 381 AGATHIAE

175 476 206 535 A.
218 478 246 532 c.
257 480 308 549 554
317 466 458 553 tntisper
472 464 647 551 διαγγεῖλαι
662 472 727 544 τοῖς
743 478 928 555 στρατηγοῖς
944 467 1004 554 τὴν
1018 468 1170 555 ἐπήλασεν
1185 472 1246 537 τού
1263 474 1399 559 Μερμε-

213 552 403 651 Ηθθρύου.
423 564 515 631 ἐνίων
533 564 591 653 γάρ
610 554 709 633 ἔτιδέκ
727 569 785 633 τού
801 572 934 656 στρατοῦ
950 571 986 656 τῇ
1003 569 1130 657 ἁρπαγῇ
1142 572 1327 654 ἐγκειμένων
1343 574 1402 637 κατ’

312 662 375 728 ούκ
397 664 564 747 ἀνιέντων,
586 668 789 753 ἐπιφοιτῶσιν
817 664 938 754 ἀθρόον
962 666 992 732 οἱ
1026 671 1167 755 Πέρσαι,
1197 668 1254 735 καὶ
1276 669 1400 755 ὀλίγους

286 794 289 805 ’
314 766 375 844 μὲν
394 761 503 828 αύτῶν
526 762 724 830 teretrum
750 768 786 833 δὲ
818 759 910 833 άλλοι
940 770 1092 854 δρομαῖον
1117 766 1253 855 ἔφυγον,
1280 769 1336 835 κατ’
1357 769 1396 856 δὴ

315 863 503 941 ἐξαπιναίως
523 862 727 931 ἐσπίπτουσιν
750 860 813 931 ῶνά
827 863 864 930 τό
889 864 1100 955 στρατόπεδον
1127 866 1183 945 ξύν
1206 871 1326 955 οἰμωγῇ
1344 868 1420 945 καὶὸ

314 957 461 1049 θορύβῳ,
482 960 525 1037 ῶς
544 950 684 1039 ἅπαντας
707 967 968 1051 ξυνταραχθῆναι
986 969 1031 1053 τρλ
1047 968 1214 1056 αἰφνιδίῳ,
1236 967 1293 1031 καί
1314 970 1398 1054 πάρα

241 1072 267 1129 Ρ.
275 1062 375 1136 59τοῦ
399 1064 531 1146 μετρίου
561 1063 778 1143 δειμαίνοντας
805 1068 839 1141 ἐς
867 1065 1038 1149 ύπαγωγήν
1070 1068 1339 1148 perevacuata».
1367 1066 1399 1131 οἱ

315 1159 351 1223 δὲ
367 1157 541 1245 στρατηγοί,
565 1152 668 1247 (ούπω
685 1160 744 1248 γάρ
763 1163 873 1239 αὐτοῖς
890 1167 924 1241 άς
937 1160 1083 1251 φάλαγγα
1099 1163 1117 1227 ά
1134 1161 1269 1249 στρατὸς
1289 1165 1395 1231 ἐτετά-

313 1260 420 1345 χατο,)
444 1258 580 1337 δεδιότες
603 1259 658 1325 καί
672 1260 712 1344 οἳ,
739 1260 785 1348 μή
805 1265 916 1349 σφίσιν
939 1263 979 1329 ού
1001 1268 1306 1349 παρεσκευασμένοις
1327 1268 1398 1330 ἐπι,

315 1366 421 1423 σταῐεν
433 1356 462 1421 οἱ
479 1351 648 1446 βάρβαροι,
669 1360 899 1448 περιεφρόνουν
915 1366 976 1445 μὲν
990 1358 1028 1426 τά
1048 1360 1201 1449 πρότερον
1213 1366 1442 1447 δοκηθένταμο

315 1457 374 1521 orie
390 1452 477 1541 εἶχον
504 1461 539 1525 δὲ
556 1454 583 1541 ό,
603 1487 635 1525 τι
644 1459 700 1525 καί
713 1464 858 1545 γένοιντο·
879 1453 951 1527 orlac
965 1457 1025 1548 γάρ
1041 1459 1282 1545 βουλεύσασθαι
1290 1464 1397 1539 αύτοϊς

314 1555 467 1642 περὶτῶν
486 1556 650 1644 παρόντων
675 1556 693 1623 ὅ
721 1556 832 1646 καιρός
855 1562 997 1625 ἐνεδίδου
1025 1559 1082 1625 καί
1106 1556 1141 1626 τό
1173 1552 1235 1646 ἤδη
1262 1586 1397 1627 καταπε-
1430 1583 1440 1604 ·

315 1658 461 1739 πλῆχθαι
475 1652 534 1730 τοὶς
551 1658 687 1739 γνώμας.
705 1656 810 1734 εύδύς
831 1653 888 1724 ούν
905 1651 1088 1744 ἄραντες-ἐκ
1106 1662 1165 1747 τού
1185 1658 1313 1741 πεδίου,
1343 1656 1399 1723 καὶ

312 1750 441 1819 ἅπαντα
474 1753 659 1839 ἐπαγόμενοι
687 1754 727 1821 τά
761 1756 995 1844 στρατεύματα,
1025 1748 1153 1848 Αᾤχοντο
1179 1760 1314 1843 άγεννῶς
1341 1758 1399 1825 καί

313 1850 479 1935 άκόσμως,
501 1851 557 1919 καί
584 1854 622 1918 ού
643 1850 793 1941 πρότερον
811 1853 989 1922 ἐπαύσαντο
1016 1861 1159 1939 δέοντες,
1185 1860 1260 1944 πρίν
1284 1858 1319 1932 ἐς
1339 1856 1439 1941 vivifi

313 1953 424 2037 Νῆσον
440 1950 576 2018 ἱκέσθαι.
598 1945 711 2019 άπεστι
733 1954 807 2040 δὲῆ
831 1959 939 2041 Νῆσος
955 1952 1013 2040 ἥδε
1037 1958 1203 2043 Τηλέφεως
1224 1958 1314 2021 πέντε
1328 1954 1393 2037 μα’-

190 2117 196 2131 ,
214 2128 220 2136 ,
312 2058 406 2117 λιστα
423 2053 652 2139 παρασάγγαις.
673 2053 833 2139 τοσαύτην
850 2048 915 2139 άρα
934 2055 964 2119 οἱ
979 2066 1116 2138 γενναῖοι
1132 2051 1318 2140 αύθρμερόν
1337 2076 1395 2118 πο-

284 2149 404 2239 Βρείαν
418 2150 582 2236 διήνυσαν,
604 2150 749 2217 ῶιιύτατα
767 2150 967 2239 πεφευγότες.
987 2152 1053 2217 ἔστι
1067 2150 1127 2239 γάρ
1145 2152 1164 2217 ό
1180 2151 1395 2238 παρασάγγης,

313 2254 358 2330 ’ῶς
371 2256 431 2335 μὲν
443 2248 611 2341 Ἡροδότῳ
622 2254 711 2317 δοκεῖ
722 2252 778 2317 καί
787 2250 976 2341 Ξενοφῶντι,
991 2249 1159 2336 τριάκοντα
1170 2252 1294 2332 στάδια,
1303 2248 1346 2326 ῶς
1358 2254 1395 2317 δὲ

311 2357 370 2419 νύν
379 2344 508 2435 Ἴβηρες
520 2352 576 2415 καί
595 2352 726 2437 Πέρσαι
740 2354 892 2437 φασδν,ἒν
902 2348 951 2417 ἔνι’
964 2349 1049 2439 μόνῳ
1066 2354 1129 2417 τῶν
1143 2348 1242 2416 εἴκοσι
1256 2352 1440 2423 πλείονααο

310 2450 421 2530 Λαζοί
444 2452 479 2515 δὲ
506 2446 586 2515 ούτω
608 2452 668 2532 μὲν
696 2450 751 2516 καὶ
774 2450 869 2516 αύτοδ
894 2447 1121 2534 άμολογούσιν,
1150 2446 1273 2536 ούμὴν
1292 2451 1328 2515 δὲ
1351 2452 1396 2538 τῷ

310 2548 442 2634 ὀνόματι
454 2551 612 2636 χρῶνται,
635 2547 715 2614 άλλά
738 2550 926 2626 ἀναπαύλας
946 2553 1096 2632 καλοῦσι,
1114 2549 1179 2632 καί,
1198 2545 1297 2631 οἶμαι,
1313 2543 1397 2612 εἰκά-

384 2688 407 2722 τ.
425 2667 579 2732 ἐπιάλυσιν
597 2668 624 2720 n
697 2671 721 2722 8.
742 2667 757 2720 δ
778 2666 935 2740 στρατηγός
953 2671 982 2723 lt
1025 2687 1051 2738 φ
1070 2668 1394 2740 παρασκευαομίνοιςλί.

385 2758 424 2792 ru.
443 2729 474 2790 τό
493 2741 522 2792 lt.
542 2739 621 2812 (ct),
642 2738 682 2807 τρῖ
699 2741 772 2810 vulg.
844 2758 885 2793 ao.
904 2739 936 2793 ἐν
955 2741 1116 2793 mutandum
1129 2758 1185 2794 non
1208 2756 1266 2793 erae
1283 2738 1397 2791 docebit

382 2809 476 2862 Index.
547 2827 589 2862 αι.
609 2809 645 2861 ori
659 2805 719 2880 μάν
735 2809 766 2862 δὲ
784 2835 821 2850 -·
837 2811 958 2862 καλοῦσι
974 2827 1026 2864 om.
1041 2813 1070 2862 R.
1083 2820 1112 2862 et
1124 2812 1211 2880 Intpr.
1246 2878 1249 2881 ,

312 2905 413 2959 sensim
435 2920 463 2955 se
482 2911 652 2973 receperunt.
681 2901 826 2955 Theodoro
844 2911 936 2956 tamen
953 2906 1029 2956 loeus
1046 2919 1103 2956 non
1122 2913 1181 2956 erat
1198 2911 1304 2955 maturo
1320 2919 1396 2955 nun⁴

312 2973 401 3028 tiandi
421 2976 581 3043 praefectio,
600 2974 777 3026 Mermeroem
796 2975 945 3027 imminere.
980 2971 1126 3027 Nonnullis
1146 2977 1220 3026 euim
1237 2973 1326 3026 adhuc
1343 2990 1395 3025 ex-

311 3054 354 3098 tra
382 3053 469 3096 eastra
493 3045 604 3114 rapinae
630 3045 742 3096 intentis
767 3062 858 3115 neque
882 3045 1078 3100 desistentibus
1099 3047 1195 3098 Persae
1215 3052 1329 3112 repente
1346 3061 1395 3094 au-

310 3115 489 3187 perveniunt,
508 3123 536 3166 et
553 3115 700 3166 nonnullos
729 3115 841 3184 quidem
865 3132 959 3168 eorum
983 3117 1162 3181 obtruncant,
1182 3115 1284 3185 reliqui
1301 3115 1396 3167 conci-

309 3188 410 3240 tatiore
427 3203 505 3237 curru
523 3185 658 3254 fugientes
676 3185 801 3238 celeriter
820 3203 881 3239 eum
906 3188 1027 3239 tumultu
1050 3186 1208 3269 eiulatuque
1232 3186 1263 3236 in
1287 3185 1395 3235 exerei-

309 3265 369 3309 tum
387 3265 486 3318 ruunt,
511 3256 579 3308 adeo
599 3264 629 3307 ut
650 3273 742 3308 omnes
762 3257 907 3325 repentino
923 3265 999 3309 motu
1016 3256 1168 3326 perturbatr
1187 3265 1215 3308 et
1233 3271 1313 3322 cupra
1331 3271 1396 3305 mo·

309 3326 376 3378 dum
393 3327 578 3396 expavefacti,
596 3327 802 3378 accersioneme
821 3328 915 3378 cestrie
933 3328 1057 3380 fecerint.
1100 3327 1231 3379 Praefecti
1247 3340 1312 3376 vero
1331 3323 1395 3394 (rre—

309 3413 364 3469 que
383 3397 456 3448 enim
477 3396 565 3448 adhuc
584 3399 671 3448 aciem
690 3397 859 3467 ordinarant)
879 3405 1030 3450 metuentes
1049 3397 1140 3459 σείετο,
1158 3413 1194 3448 ne
1211 3395 1321 3446 barbari
1340 3395 1395 3444 im·-

307 3475 418 3538 paratos
448 3469 648 3534 opprimerent,
675 3483 744 3538 quae
764 3475 846 3519 antea
870 3476 970 3519 statuta
986 3475 1073 3529 erent,
1089 3468 1284 3536 neglexerunt,
1302 3479 1395 3534 neque

329 3539 378 3591 uid
398 3537 506 3589 consilii
525 3545 653 3606 caperent
671 3537 803 3590 sciebant
837 3535 934 3606 Neque
953 3539 1024 3590 enim
1041 3545 1147 3605 tempus
1166 3535 1396 3588 deliberationem

309 3555 344 3662 δε
361 3608 442 3660 rebus
460 3607 649 3676 praecentibus
667 3607 843 3670 admittebat,
861 3624 950 3677 neque
971 3609 1030 3676 ipra
1048 3609 1199 3659 animorum
1211 3605 1397 3675 perturbatio.

308 3680 392 3731 Motis
405 3680 489 3748 igitur
503 3677 646 3728 confestim
665 3694 680 3728 c
699 3694 794 3745 campo
811 3678 915 3740 caetris,
932 3677 1072 3730 uniuersus
1092 3678 1225 3729 exercitur
1243 3677 1273 3726 in
1285 3685 1396 3742 turpem

309 3750 568 3819 incompositamque
592 3749 682 3815 sugam
708 3764 736 3799 re
762 3748 912 3813 convertit,
939 3765 1030 3817 neque
1058 3756 1138 3800 antea
1163 3766 1180 3798 a
1196 3747 1259 3816 suga
1276 3744 1395 3796 destite-

310 3828 390 3882 runt,
415 3836 496 3889 quum
522 3816 557 3869 ud
575 3818 694 3868 Insulam
716 3817 911 3886 pervenissent.
955 3819 1046 3871 Dictat
1068 3827 1159 3869 autem
1181 3815 1250 3868 haec
1267 3817 1359 3866 insule
1376 3831 1394 3864 a

311 3887 429 3958 Telephi
452 3891 573 3959 quinque
599 3904 731 3940 summum
758 3888 929 3956 pararangb,
956 3897 1062 3940 tantum
1087 3888 1195 3940 itineris
1220 3887 1324 3938 strenui
1350 3885 1396 3935 illi

310 3959 363 4010 viri
388 3961 468 4010 unius
489 3960 545 4011 diei
565 3961 653 4028 epatio
680 3957 856 4010 confecerunt
872 3959 1012 4010 celerrime
1030 3967 1193 4021 currentes„
1213 3957 1327 4009 Constat
1344 3972 1396 4004 au·

311 4034 367 4080 ten
383 4045 541 4098 parasanga,
559 4037 591 4080 ut
608 4023 725 4101 quidem
737 4027 876 4081 Herodoto
895 4036 923 4080 et
941 4029 1118 4098 Xenophonti
1144 4028 1235 4095 placet
1242 4065 1252 4090 ,
1279 4025 1395 4094 triginta

311 4097 423 4161 stadiis,
447 4107 479 4150 ut
504 4116 567 4153 vero
586 4117 659 4152 nune
677 4099 751 4151 Iberi
768 4107 797 4151 et
813 4100 908 4152 Petrae
927 4101 1030 4162 volunt,
1050 4115 1107 4150 uno
1125 4107 1233 4151 tannim
1251 4113 1333 4164 cupra
1350 4094 1395 4145 vi-

310 4169 387 4240 ginti.
430 4167 505 4220 idem
527 4171 657 4222 sentiunt
671 4178 700 4222 et
722 4170 801 4235 Lari,
833 4180 1005 4240 nequaquam
1026 4177 1117 4222 tamen
1150 4185 1182 4220 ea
1206 4166 1394 4236 appellatione

310 4247 434 4306 utuntur,
454 4239 503 4294 aed
520 4238 702 4305 οἷναπαύλας,
720 4239 772 4294 hcc
790 4247 833 4294 eat
850 4241 1014 4305 mansionen,
1030 4245 1136 4304 vocant,
1154 4246 1184 4292 et
1199 4255 1262 4294 mea
1279 4235 1394 4308 quidem
