3109 4950
638 319 874 386 emortuo.
1258 299 1282 384 5

213 467 267 540 tol
279 473 341 538 τούν
356 471 500 552 πολέμων
516 461 691 552 δγοινισταὶ
702 467 853 555 λαφύρων
868 492 904 552 γε
916 468 1014 550 μόνον
1025 475 1080 537 κατ’
1090 491 1147 537 τον
1162 494 1315 559 παραυ-ο

210 577 279 640 τίκα
300 573 467 657 κερδαλέον
492 565 673 652 ἐφιέμενοι,
694 568 727 642 ἐς
755 562 915 652 προῦπτόν
937 593 972 633 τε
994 569 1050 635 καί
1065 573 1204 658 διαφανῆ
1220 576 1285 638 κίν-

210 675 306 738 δννον
323 672 407 756 σφάς
425 691 540 741 αντονς
555 667 704 751 αφιαῖσιν*
726 665 807 730 άλλά
829 663 920 751 δόξης
934 661 1106 757 αἰμφύτεροι
1123 673 1208 735 ἕκατι
1233 676 1286 754 βε-

209 767 304 851 βαίοις
318 791 353 832 τε
370 764 426 830 καί
442 759 618 848 άνηράτον,
638 757 678 847 ἣν
693 763 754 845 ούχ
769 758 836 829 οίύν
858 788 893 827 τε
910 757 1014 841 άλλως
1039 765 1286 854 καρπώσασθαι,

190 860 232 950 ὄῆ
248 869 302 949 τῆς
320 862 459 949 ἱστορίας
474 858 590 936 αύτούς
613 861 927 945 ἀπαθανατιζούσης·
947 862 1010 946 ούχ
1030 859 1081 930 οἷα
1099 862 1139 930 τά
1159 864 1288 947 Ζαμόλ-

211 965 294 1042 ξιδος
321 962 440 1043 νόμιμα
464 957 518 1023 καί
542 958 562 1043 ἦ
595 961 626 1022 Γ
624 957 708 1041 ετικὴ
739 957 985 1046 παραφροσύνη,
1007 961 1143 1060 ἀλλ’,άς
1158 957 1287 1048 άληθῶς

210 1059 316 1148 τρύπφ
336 1055 400 1125 τινί
420 1055 497 1146 θείῳ
525 1079 560 1120 τε
586 1053 641 1120 καί
668 1051 835 1144 άθανάτφ,
856 1049 957 1146 καίῷ
983 1057 1068 1148 μόνφ
1089 1057 1223 1124 δύναται
1246 1057 1315 1128 cdl)

210 1156 311 1242 θνητά
324 1160 356 1232 ἐς
372 1151 644 1237 dedicatissimis.
666 1151 776 1242 ῥᾴδιον
788 1157 850 1235 μὲν
866 1149 925 1221 ούν
935 1152 1047 1242 ἥκιστα
1061 1149 1102 1224 du
1121 1155 1169 1243 εἴη
1186 1154 1286 1223 ἅπαν-

211 1281 251 1320 τα
266 1256 415 1334 διεξιέναι
429 1254 483 1318 καί
496 1248 758 1338 ἆπαριδμεῖσδαι,
778 1248 900 1320 ὁπόσων
914 1254 1077 1341 οἷγαδοῖνῆ
1094 1255 1217 1342 ἱστορία
1232 1253 1287 1321 τὸν
1302 1330 1309 1340 ,

175 1355 282 1436 repeto
301 1351 475 1435 ἐμπίπλησι
488 1347 543 1414 τὸν
561 1347 776 1436 άνδράπειαν·
798 1351 842 1426 uic
856 1354 892 1416 di
908 1353 1084 1438 συλλήβδην
1107 1354 1220 1434 εἰπεῖν,
1240 1347 1287 1418 ol-

211 1451 277 1534 μαί
296 1475 332 1535 γε
357 1447 454 1534 αύτὴν
474 1451 662 1536 φιλοσοφίας
688 1452 744 1534 τῆς
759 1451 919 1535 πολιτικῆς
943 1449 983 1514 ού
999 1448 1087 1532 μάλα
1101 1459 1288 1532 μειονεκτεῖ-

213 1555 312 1630 σδαι,
341 1549 372 1612 εἰ
396 1544 439 1632 μή
476 1572 506 1612 τι
536 1545 591 1613 καί
621 1550 741 1628 μᾶλλον
763 1547 919 1634 ὀνίνησιν.
937 1549 1033 1635 ἦμδν
1053 1548 1132 1636 γάρ,
1158 1551 1211 1614 οἵα
1240 1572 1288 1624 τις

211 1641 374 1733 ἄστεμφης
390 1649 536 1710 δέσποινα
551 1647 607 1711 καὶ
616 1641 808 1728 άδιύπεντος,
824 1646 943 1711 κελεύει
952 1645 1007 1712 καί
1016 1645 1186 1728 διατάττει,
1200 1645 1347 1716 ‹incl-1³3

208 1770 254 1809 ναν
268 1770 303 1810 τε
321 1743 453 1828 ἔχεσθαι
469 1747 525 1808 καί
541 1741 636 1808 ὁποῖα
653 1742 837 1830 διαφεύγειν
855 1745 1018 1830 προσήκει,
1038 1741 1143 1832 ὥσπερ
1161 1745 1205 1834 τῷ
1219 1747 1288 1810 πεί-

172 1843 303 1912 ‚iteum
329 1845 545 1926 καταμιγνύσα
566 1841 600 1907 τύ
626 1843 820 1927 ἀναγκάζον·
838 1840 859 1928 ἦ
875 1847 910 1910 δὲ
938 1847 983 1932 τῷ
999 1849 1140 1928 θέλγοντι
1156 1847 1288 1933 nicrum

214 1945 360 2027 χρωμένη
375 1941 429 2006 κατ’
444 1937 510 2009 οἷον
524 1943 739 2029 καρνκεύονσα
754 1943 811 2020 τάς
825 1942 1012 2027 ἀπαγγελίαις
1024 1945 1063 2031 τῇ
1073 1943 1209 2031 ποικιλίᾳ
1224 1945 1325 2018 τῶνν,
1334 1955 1373 2014 6‘

213 2040 472 2126 παραδειγμάτων
478 2091 488 2120 ,
510 2039 564 2104 καί
577 2044 762 2125 παριστῶσα
780 2038 930 2130 τῷλόγῳ,
951 2045 985 2106 ἐν
998 2036 1045 2118 οἷς
1062 2065 1097 2106 τε
1120 2035 1288 2123 εύδοκιμὴ-

212 2162 305 2202 κασιν
334 2130 498 2223 ἅνθρωποι
529 2139 676 2228 εύβονλίρι
706 2135 900 2224 χρησάμενοι
928 2142 983 2204 καί
1008 2137 1206 2224 δικαιοσύνη,
1233 2140 1289 2202 καί

212 2233 291 2300 ἔνθα
308 2236 481 2320 διήμαρτον
498 2240 557 2300 τού
574 2236 797 2320 προσήκοντος,
817 2229 839 2320 ἢ
856 2235 981 2320 γνώμης
997 2236 1082 2312 τινός
1103 2236 1246 2311 ἐναντίας
1264 2228 1314 2319 iili

171 2336 307 2418 αοτύχης
327 2335 541 2420 ἦγησαμένης,
567 2334 717 2400 λανθάνει
742 2343 812 2410 ταῖς
834 2345 956 2418 ψυχαῖς
973 2335 1079 2420 ἡρέμα
1097 2332 1157 2408 τὰς
1177 2327 1289 2418 αἱρετὰς

213 2431 416 2511 ἐσοικιζονσα.
434 2431 469 2499 τὸ
481 2433 541 2521 γάρ
555 2435 707 2520 προσηνὲς
721 2428 833 2511 αύταῖς
846 2432 900 2498 καί
913 2433 1105 2519 αύδαιρετον
1124 2432 1245 2514 μᾶλλόν
1256 2455 1289 2497 τι

213 2531 369 2620 ἐμφύεται
384 2536 439 2599 καί
452 2534 641 2618 προσιζάνει.
661 2530 721 2619 ἐγιύ
737 2535 797 2615 μὲν
810 2525 868 2601 ούν
882 2535 982 2604 ταῦτα
996 2533 1030 2597 ἔκ
1050 2533 1196 2602 πλείστου
1214 2553 1289 2598 σκο-

287 2688 327 2739 ¹7·
346 2672 517 2741 παριστῶσα
534 2670 579 2734 λλ,
596 2669 761 2741 nuptorum
776 2671 848 2741 vulg.

218 2787 322 2839 strenui
339 2788 484 2841 bellatores
502 2791 650 2859 spoliorum
668 2798 773 2843 tantum
792 2789 980 2859 etpraesentis
998 2788 1067 2840 lucri
1080 2787 1222 2857 cupiditati
1241 2803 1288 2853 ac-

218 2860 292 2909 censi
309 2860 338 2908 in
368 2870 460 2927 aperta
482 2862 679 2931 manifestaque
704 2852 825 2930 pericula
848 2878 877 2911 sc
895 2859 1089 2911 coniicichant:
1115 2859 1163 2909 aed
1180 2859 1290 2927 utrique

219 2928 323 2978 solidae
347 2938 428 2999 atque
450 2930 516 2981 adeo
539 2933 698 2983 immortalis
724 2930 823 2999 gloriae
849 2929 1054 2999 consequendae
1076 2929 1166 2980 studio
1184 2928 1290 2978 iniiam-

215 2999 301 3048 mati:
319 3016 398 3067 quem
417 2999 527 3069 quidem
546 3002 625 3052 aliter
642 3000 755 3069 adipisci
773 3018 829 3051 non
847 3001 1015 3067 potuissent,
1041 2999 1096 3049 uisi
1113 2998 1226 3048 historia
1243 3015 1290 3049 coa

213 3066 249 3117 ab
269 3069 382 3119 interitu
400 3068 557 3122 vindicante
576 3079 657 3140 atque
676 3072 841 3121 immortales
849 3070 998 3132 cificieutc3
1019 3085 1075 3118 non
1090 3066 1289 3117 utZamolxidis

215 3138 342 3189 instituta
368 3146 395 3189 ct
415 3138 519 3191 Getica.
534 3140 727 3203 deliramenta,
750 3139 799 3191 aed
825 3155 888 3191 vere
914 3146 942 3190 et
958 3137 1039 3189 modo
1057 3135 1175 3205 quodam
1194 3134 1289 3186 divino

215 3215 298 3277 atque
327 3209 488 3272 immortali,
521 3227 630 3280 quoque
663 3210 721 3261 solo
749 3210 876 3261 mortalia
897 3206 965 3260 hoec
988 3206 1144 3275 perpetuari
1168 3211 1292 3271 possunt.

215 3274 433 3359 Haudquaquam
451 3278 532 3347 igitur
550 3280 631 3331 facile
650 3278 734 3330 suerit
753 3280 877 3330 oratione
893 3278 1020 3345 persequi
1033 3283 1115 3344 atque
1133 3289 1291 3327 enumerare

215 3348 305 3397 omnia
342 3347 423 3398 urbus
440 3347 553 3399 historia
570 3348 717 3400 humanam
735 3349 818 3399 vitam
840 3346 948 3415 expleat
966 3346 1044 3396 bona.
1084 3346 1120 3395 Ut
1135 3361 1199 3395 vero
1216 3360 1290 3393 sum-

215 3418 308 3467 matim
324 3366 431 3479 dicam,
456 3419 584 3487 equidem
603 3419 678 3471 civili
696 3416 871 3485 philosophia
890 3433 948 3467 cam
964 3432 1022 3467 non
1041 3414 1199 3466 inferiorem
1225 3429 1291 3492 cen3

216 3487 332 3550 suerim3
351 3487 405 3537 nisi
424 3488 507 3539 etiam
524 3490 585 3556 plus
605 3491 675 3543 sorte
695 3488 822 3539 utilitatis
840 3486 968 3538 conferat.
1011 3484 1084 3536 llaec
1106 3486 1180 3535 enim
1205 3482 1290 3533 veluti

215 3570 307 3605 severa
326 3556 457 3625 quaedam
475 3560 640 3627 minimeque
659 3558 760 3610 blanda
778 3557 888 3610 domina
905 3556 983 3607 iubet
1000 3570 1031 3605 ac
1044 3550 1205 3623 praescribit
1220 3567 1291 3618 quae
1384 3608 1389 3615 ,

208 3628 310 3693 sequi,
330 3643 400 3694 quae
417 3628 511 3697 sugere
529 3637 667 3695 oporteat,
687 3627 858 3681 suasionibus
875 3627 931 3677 suis
952 3626 1007 3676 vim
1025 3618 1221 3700 quodammodo
1239 3638 1291 3672 nc·

213 3695 423 3765 comitatemque
442 3700 631 3751 commiscens:
650 3698 717 3752 haec
733 3714 813 3760 vero,
833 3695 1039 3749 oblectamentis
1058 3691 1184 3762 plurimis
1201 3698 1291 3752 utens,

212 3782 244 3815 oc
261 3765 347 3816 veluti
366 3766 494 3819 condiens
513 3778 656 3837 praecepta
673 3769 804 3825 varietate
823 3768 1016 3834 excrnplorum‚
1035 3772 1064 3813 et
1080 3761 1116 3814 oh
1134 3760 1226 3812 oculos
1242 3778 1292 3828 po-

209 3851 280 3885 -ucns
303 3834 404 3903 quibus
427 3838 457 3887 in
480 3838 560 3889 rebus
587 3839 710 3891 homines
733 3837 880 3907 prudentia
902 3838 1062 3901 iustitiaque
1088 3832 1131 3881 usi
1155 3831 1291 3897 praeclare

210 3920 270 3955 rem
288 3907 437 3973 gesserint,
465 3908 564 3976 quibus
590 3912 673 3963 etiam
699 3911 729 3959 in
748 3907 844 3968 rubus,
863 3907 907 3958 vel
933 3903 1018 3955 animi
1041 3901 1176 3953 contrario
1196 3901 1291 3968 aliquo

211 3975 256 4023 vel
276 3975 403 4027 fortunae
422 3976 505 4027 ductu
524 3986 606 4047 atque
625 3979 744 4045 impulsu
762 3996 777 4027 a
795 3985 876 4027 recto
887 3972 1047 4034 aberrarinh
1065 3974 1165 4028 leuiter
1181 3987 1212 4024 ac
1230 3970 1291 4035 pta-

213 4042 275 4093 cidc
291 4044 406 4097 virtutes
425 4048 523 4097 animis
540 4048 669 4099 insinuat.
705 4046 807 4099 Blanda
823 4046 897 4096 cuim
915 4052 943 4094 et
960 4044 1106 4097 voluntatis
1124 4048 1231 4093 nostrae
1249 4054 1292 4087 ar-

205 4110 298 4164 hitrio
318 4115 503 4185 electionique
522 4118 644 4183 exposita
662 4112 767 4165 facilius
785 4115 882 4167 animis
897 4113 1024 4169 humenis
1041 4113 1192 4170 illabuntur
1208 4116 1291 4174 atque

213 4182 418 4243 νδλιννεεοοιιαι.
447 4188 502 4255 Ego
522 4188 614 4257 itaque
632 4185 702 4241 hauc
714 4183 871 4241 iamdudum
884 4182 1059 4239 considerans
1077 4191 1184 4237 etcum
1200 4177 1291 4229 auimo
1351 4229 1357 4248 ,
