3109 4950
469 340 749 408 utstonrlautt
769 339 815 410 ν.
840 353 889 422 19.
1131 321 1214 434 3¹9

144 492 281 556 τοιούτου
303 513 348 574 τε,
366 485 465 576 οἶμαι,
489 495 685 582 φρονήματος
709 503 776 578 μετ’
799 493 1293 586 εόκοσμίαςόνεπιμπλαντο,λε.
1309 516 1359 571 tte

143 587 185 664 aig
207 591 356 673 ε’λόχιστα
380 592 527 676 μεγάλοις
551 594 695 678 εἰκάσαι,
733 591 829 684 όποίιρ
855 598 893 681 δὴ
917 599 1013 663 πόλοι
1039 601 1122 686 φασδ
1141 588 1318 680 τοόςΗ·32

142 686 225 773 ἀμφὶ
242 691 408 755 Ammites
426 695 696 780 Αακεδαιμονιλιυς
723 697 757 759 ἐν
775 695 1015 780 Θερμοπύλαις,
1050 699 1242 784 cecofidi-P.
1253 706 1306 768 toa

141 789 243 861 λοντος
265 780 325 873 ἤδη
345 793 405 853 τοῦ
424 788 561 875 Ξέρξου,
589 794 900 875 molismeuses.
939 795 1008 861 ἀλλ’
1024 799 1134 862 ἐκεῖνοι
1158 803 1217 880 μὲν

121 884 335 976 ὄπανωλεθριρι
366 889 604 975 διεφθάρησαν,
634 887 721 980 μόνιρ
750 893 848 978 τούτῳ
882 887 1142 979 εὐδοκιμήσαντες
1172 902 1218 988 τῷ

139 980 183 1067 μὴ
203 986 334 1068 ἀγεννῶς
355 987 548 1069 ἀπολέσθαι,
576 987 656 1052 α’λλά
671 987 805 1065 πολλοὺς
827 988 978 1078 πρότερον
998 997 1060 1059 τῶν
1080 999 1218 1080 Περσῶν

139 1078 390 1163 ἀποκτείναντες·
424 1084 455 1151 οἱ
479 1091 514 1152 δὲ
540 1087 630 1172 cippi
651 1085 840 1174 Βελιοόριον
875 1089 1027 1170 Ῥωμαῖοι
1059 1089 1217 1184 παρρησιλγ

137 1184 198 1261 μὲν
213 1187 352 1269 ἐχρῶντο
366 1189 546 1273 Λακωνικῇ·
575 1185 695 1262 πάντας
718 1188 753 1251 δὲ
769 1186 844 1262 τοός
868 1186 1033 1270 πολεμίους
1047 1192 1216 1275 ἐτρέψαντο

139 1277 201 1343 οἷνόι
216 1279 340 1366 κράτος,
368 1283 423 1348 καί
438 1283 602 1360 πλείστους
621 1277 714 1359 drove
740 1283 982 1370 διεχειριλταντο,
1014 1281 1106 1353 οὐδὲν
1126 1290 1219 1354 αὐτοὶ

100 1369 240 1464 ιοόχαρι
257 1379 334 1466 πρός
357 1376 462 1448 adroic
478 1378 515 1465 ό,
536 1407 569 1448 τι
587 1383 643 1446 καὶ
661 1379 756 1466 λόγου
779 1376 868 1461 ἄξιον
891 1383 1086 1460 πεπονθότες.
1108 1378 1216 1472 ἐπειδὴ

135 1476 197 1571 γὰρ
216 1479 336 1566 οἷθρόον
355 1481 390 1544 ἐκ
405 1483 462 1547 τοῦ
476 1485 632 1568 σφετέρου
654 1483 864 1566 στρατοπέδου
882 1481 910 1546 οἱ
923 1483 1079 1571 βάρβαροι
1099 1485 1131 1559 ἐς
1147 1488 1217 1550 διο-

133 1574 260 1658 χιλίους
291 1576 423 1656 ἱππότας
459 1574 695 1666 ἀποκεκριμένοι
722 1577 814 1645 ἔθεον
845 1577 904 1646 σόν
929 1585 1004 1668 βοῇ,
1045 1583 1088 1658 τός
1112 1583 1217 1671 ῥᾷστα

134 1672 208 1750 τοός
238 1676 396 1754 ἐναντιόυς
425 1678 695 1765 α’ναρπασόμενοι,
724 1677 838 1764 αὐτίκα
863 1675 879 1741 ὅ
900 1679 1094 1766 Βελισάριος,
1120 1679 1162 1756 ὡς
1187 1681 1217 1745 οῖ

133 1770 326 1840 κατάσκοποι
348 1767 423 1861 ἧκον
455 1775 679 1854 ἐπιδεικνύντες
712 1775 830 1855 αόιοός
861 1779 1040 1862 μονονουχὶ,
1062 1781 1117 1843 καὶ
1144 1774 1217 1844 όσον

95 1863 223 1940 ιὸοόπω
238 1867 435 1959 παρέσεσθαι
449 1873 623 1959 διεξιόντες,
643 1877 784 1961 ἀντεξῆγε
797 1874 872 1952 τοός
889 1872 972 1964 ἄμφ’
990 1877 1097 1959 αὐτόν,
1118 1893 1235 1965 capt-lt

133 1970 267 2052 ζόμενος
286 1971 330 2048 ὥς
348 1969 465 2040 οἷόντε
484 1973 543 2059 τήν
571 1974 735 2060 ὀλιγότητα
757 1979 812 2040 καὶ
831 1974 1036 2062 ἐπικρόπτων.
1065 1970 1218 2056 ἆπολεξό-

129 2094 225 2152 μενος
245 2068 306 2156 γόρ
325 2073 504 2150 διακοσίους
515 2071 645 2151 ἱππότας
662 2075 875 2162 πελτοφόρους
891 2097 926 2137 τε
947 2072 1002 2137 καί
1021 2067 1215 2157 όκοντιστός,

98 2191 102 2198 ’
129 2171 179 2245 εἷς
203 2171 335 2256 ἐνέδρας
360 2174 502 2257 ἐμέριζεν
531 2172 727 2260 ἑκατέρωθεν
755 2171 819 2237 siud
845 2175 883 2260 τῇ
903 2170 985 2259 νάπῃ
992 2223 1002 2253 ,
1037 2163 1218 2258 όθενρίἐτο

128 2263 190 2352 τὴν
212 2268 390 2356 προσβολήν
415 2269 545 2337 ἔσεσθαι
565 2275 628 2337 τιόν
652 2268 842 2358 βαρβάρων·
862 2272 1101 2356 προειρημένον,
1128 2265 1216 2350 ὥστε,

85 2363 268 2431 uoluentis
289 2368 396 2446 αὐτοῖς
410 2370 625 2456 ἐγκελεόσηται
643 2369 698 2435 καὶ
714 2371 856 2458 σημήνῃ,
883 2366 956 2444 τοὺς
977 2370 1012 2431 δὲ
1034 2365 1133 2444 Εὖθῦς
1149 2370 1217 2430 ent·

127 2465 202 2531 ε’ναι
223 2460 440 2549 οἶκοντιζοντας
456 2466 513 2557 τόν
542 2474 689 2558 φάλαγγα
708 2466 959 2551 τιόνπολεμόων,
981 2461 1063 2543 ὅπως
1090 2463 1130 2551 δι’]
1148 2488 1217 2529 nte-

129 2568 250 2651 ζομένιγ
271 2566 498 2654 ὑποστέλλοντα,
519 2562 676 2657 ἄχρηστόν
696 2593 731 2634 τε
751 2563 860 2643 adroic
879 2566 927 2633 ἔοι
945 2566 980 2633 τό
1005 2566 1134 2650 πλῆθος,
1154 2589 1216 2627 na·

204 2732 227 2765 r.
249 2709 381 2763 τοιούτου
402 2710 432 2765 δὲ
452 2714 482 2764 λλ
580 2734 603 2767 a.
627 2714 717 2781 ὁποίῳ
735 2714 782 2778 λλ,
809 2710 897 2765 ducto
914 2712 984 2781 vulg.
1069 2711 1102 2763 3.
1121 2718 1216 2777 προσ-

198 2780 357 2853 βάλλοντος
374 2784 420 2846 λλ,
436 2784 647 2853 προσβαλόντος
664 2785 734 2855 vulg.
804 2780 838 2851 ’4.
855 2784 965 2855 Χέρξου
983 2788 1011 2834 et
1046 2781 1069 2835 5.
1087 2780 1214 2831 πανωλε-

202 2850 344 2935 τρίμερλι.
363 2853 420 2904 Pur.
476 2854 514 2905 15.
533 2850 688 2913 διεξιόντος
707 2851 764 2923 sph.
786 2854 841 2906 Par.
915 2854 953 2909 18.
970 2854 1011 2909 εἰς
1025 2850 1170 2922 ἐνέργειαν
1184 2850 1214 2902 λλ

200 2922 263 2974 alno
283 2926 315 2992 τῇ
334 2922 374 2985 λλ,
391 2920 439 2973 ἐπὶ
457 2923 488 2992 τῇ
505 2924 574 2993 vulg.
658 2941 699 2976 ao.
718 2920 815 2979 αὐτοῖς
833 2924 879 2985 λλ,
899 2918 985 2979 αὐτὸς
1002 2921 1073 2991 vulg.

126 3073 244 3112 morum
265 3057 423 3109 strenuitate
438 3058 539 3127 pariter
562 3065 591 3110 et
617 3056 750 3109 modestia
773 3064 851 3107 erant
877 3054 1006 3125 praediti,
1031 3060 1077 3117 (ut
1101 3054 1214 3105 minima

127 3142 324 3199 comparemus
336 3130 462 3197 magnis,)
481 3129 574 3199 quales
589 3128 654 3179 olim
664 3130 712 3199 qui
730 3128 800 3178 circa
816 3125 965 3177 Leonidam
982 3132 1059 3175 erant
1078 3123 1214 3174 Lacedae-

124 3200 223 3252 monii
245 3198 328 3249 fnisse
341 3208 567 3261 commemorant,
591 3215 651 3248 cum
671 3198 705 3249 ad
726 3196 918 3265 Thermopylas
938 3195 1038 3245 Xerxes
1058 3192 1097 3244 eis
1122 3194 1214 3243 immi-

125 3264 223 3326 neret.
261 3269 314 3320 Sed
334 3269 376 3319 illi
394 3268 505 3339 quidem
523 3270 557 3320 ad
570 3270 783 3320 internecionem
802 3282 894 3317 omnes
915 3264 986 3315 caesi
1009 3270 1086 3323 sunt,
1106 3278 1138 3314 eo
1153 3264 1212 3315 solo

125 3341 277 3400 celebres,
295 3338 369 3410 quod
382 3356 437 3389 non
455 3339 570 3407 turpiter
584 3340 737 3407 periissent,
755 3336 804 3389 sed
821 3335 913 3386 multis
929 3341 1007 3385 antea
1021 3332 1105 3384 Persis
1126 3335 1214 3384 inter-

123 3413 226 3466 fectis.
263 3408 319 3479 Qui
334 3425 396 3460 vcro
413 3411 543 3461 Belissrio
559 3408 672 3460 aderant
684 3408 811 3469 Romani,
829 3403 942 3456 audacia
960 3400 1069 3474 quidem
1088 3405 1130 3455 usi
1149 3410 1213 3453 sunt

123 3480 287 3540 Laconica,
305 3482 442 3532 universos
456 3489 546 3531 autem
561 3479 654 3530 hostes
669 3479 776 3531 fortiter
793 3478 933 3545 fugarunt.
954 3483 981 3526 et
997 3473 1211 3544 quamplurimos

124 3565 233 3601 eorum
257 3549 442 3611 trucidarunt,
462 3552 514 3618 ipsi
537 3551 613 3601 nullo
635 3550 764 3618 singulari
782 3544 951 3599 incommodo
978 3544 1012 3594 ab
1035 3545 1092 3595 illis
1112 3542 1210 3597 affecti.

123 3621 205 3672 Cum
234 3618 305 3668 enim
325 3637 358 3669 cx
375 3620 495 3671 barbaris
512 3619 566 3671 duo
588 3620 710 3691 equitum
727 3619 814 3669 millia
834 3634 848 3667 a
865 3617 971 3685 reliquo
993 3614 1112 3665 exercitu
1130 3611 1212 3681 sepa-

122 3698 193 3743 rata
213 3687 359 3738 confestim
377 3707 438 3740 cum
461 3692 577 3742 clamore
592 3697 790 3760 procurrerent,
806 3688 892 3739 veluti
905 3684 1033 3737 facillime
1053 3683 1144 3735 hoster
1159 3682 1210 3735 de-

120 3757 238 3818 leturi,
262 3766 290 3809 ct
310 3761 490 3825 speculatores
515 3762 549 3812 ad
572 3762 732 3812 Belisarium
754 3758 892 3809 venissent
913 3768 959 3806 eos
986 3753 1154 3815 indicantes,
1180 3760 1210 3805 et

120 3833 249 3885 iamiam
268 3826 408 3879 adfuturos
427 3830 564 3895 dicentes,
582 3848 641 3882 suas
655 3839 748 3882 contre
765 3828 857 3896 copias
870 3825 958 3888 duxit,
976 3824 1103 3875 simulans
1121 3839 1208 3892 quan-

119 3908 191 3954 tu'm
207 3898 271 3949 ficri
284 3905 392 3966 poterat
410 3903 573 3967 paucitatem
586 3910 668 3972 etque
691 3900 836 3951 occultam.
873 3896 993 3947 Selectos
1011 3894 1083 3945 euim
1102 3894 1208 3963 equites

118 3972 268 4024 ducentos
279 3973 397 4019 scutatos
412 3976 440 4020 et
455 3971 615 4032 iaculatores
630 3974 659 4023 in
672 3971 739 4021 silva
754 3970 891 4038 utrimque
915 3967 945 4017 in
961 3962 1069 4015 insidiis
1091 3964 1210 4015 colloca-1

117 4044 184 4104 vit,
205 4054 263 4107 qna
282 4038 491 4107 partebarbaror
513 4042 644 4109 impetum
663 4041 781 4091 facturos
798 4037 929 4107 putabat,
956 4034 1153 4103 praemonitos,
1176 4042 1210 4086 ut

118 4110 315 4179 simulatque
333 4109 392 4177 ipse
411 4110 486 4177 signo
505 4109 569 4161 dato
587 4110 756 4172 mandasset,
775 4108 918 4159 confestim
940 4106 970 4156 in
987 4103 1086 4156 hostile
1113 4119 1208 4172 agmen

118 4180 283 4233 iaculantes
304 4188 482 4247 proruerent,
500 4186 531 4231 ut
547 4181 675 4231 nimirum
702 4179 850 4231 iaculorum
868 4177 899 4229 vi
917 4176 1002 4243 pressi
1013 4176 1043 4225 in
1065 4181 1166 4225 arctum
1177 4186 1208 4221 se

119 4246 341 4315 contraherent,
360 4258 389 4304 et
404 4250 551 4304 multitudo
567 4248 633 4321 ipsis
649 4252 756 4304 inutilis
772 4247 948 4309 redderetur,
965 4260 1054 4315 neque
1068 4244 1159 4295 lunare
1176 4256 1207 4293 so
