3109 4950
1090 144 1114 195 l

308 327 343 386 B.
373 319 566 386 VULGlel
594 318 813 386 sententio
839 319 1052 386 uotiuum.
1097 325 1217 388 -XXXV

138 477 317 564 quoddam,
346 477 424 538 baba
444 499 464 537 a
480 471 532 535 'me
558 476 649 534 basse
673 495 791 552 noras,
823 487 899 557 post
922 474 1042 537 editum
1062 476 1097 537 ia
1116 477 1216 538 lucem

140 580 308 660 Agatbiam
328 589 418 636 natas
426 618 439 648 ,
461 593 557 658 eoque
578 575 745 656 praecipue
766 575 899 636 consilia
916 587 970 636 tuo
982 577 1103 637 nomini
1115 575 1215 636 desti·

137 689 225 738 natas
235 721 248 749 ‚
278 689 313 736 ut
333 693 486 734 summum
506 685 593 734 tuum
622 691 695 751 erga
725 672 867 734 literatos
895 673 1053 748 studium,
1082 686 1113 737 et
1137 675 1214 734 insi·

135 796 219 856 gaes¹
234 777 368 836 virtutes
394 786 487 845 tuas,
517 791 596 854 quoe
619 783 648 832 te
668 771 811 834 omuibus
835 770 1052 836 admirabilem
1074 772 1214 834 reddunt

132 860 254 958 pariter
270 885 300 934 et
322 871 504 948 amabilem,
527 869 646 932 exteris
664 870 758 930 etiam
780 870 956 933 bominibus
968 869 1096 953 saciant
1112 884 1214 934 natas.

149 1015 155 1025 ι
214 975 298 1032 Bene
317 972 407 1049 eale,
449 969 590 1032 nobiliss.
622 969 873 1050 amplissimaque
900 971 972 1049 nir,
1001 983 1034 1032 et
1057 971 1106 1032 rei
1141 971 1213 1034 lite·

136 1071 239 1131 rariae
256 1071 354 1148 magis
371 1087 408 1128 ae
426 1070 525 1147 magis
540 1065 629 1148 saue.
670 1063 746 1127 Erit
773 1068 833 1126 boc
854 1067 913 1130 tibi
933 1070 1088 1151 imprimis
1113 1069 1213 1130 bona·

137 1157 290 1248 raficum,
304 1179 334 1227 et
357 1165 503 1247 Reipubl.
517 1165 663 1232 salutare.
691 1159 856 1246 'Lugduni
876 1167 1079 1232 Batavorum.
1119 1168 1213 1230 Anao

134 1263 266 1328 Domini
285 1263 467 1330 tinxclv.

560 1377 733 1461 Dignitatis
752 1389 824 1440 tuae
845 1377 1089 1440 studiosissimus
1140 1393 1145 1403 '

882 1476 958 1540 an.
978 1476 1170 1542 Vunearrus.

562 1617 769 1637 bun——

311 1783 648 1864 CANDIDO
693 1784 1039 1861 LECTORI.

214 1963 319 2026 Arnus
339 1973 385 2026 est
404 1965 532 2047 integer
553 1963 642 2046 quod
662 1954 811 2045 Agathias
831 1963 886 2025 bic
907 1981 998 2025 meus
1027 1979 1138 2045 graece
1163 1965 1213 2022 est

135 2082 289 2138 excusus,
324 2083 429 2145 neque
457 2063 559 2124 multo
580 2063 686 2124 minus
707 2057 794 2145 quod
812 2071 845 2124 et
866 2061 993 2124 latinus.
1033 2061 1085 2122 Ad
1119 2079 1211 2142 grac·

137 2167 203 2221 cam
226 2161 402 2222 editionem
423 2183 497 2224 usae
513 2170 589 2224 sunt
608 2182 722 2243 operae
740 2161 987 2245 typographicae
1007 2159 1120 2222 codice
1137 2179 1210 2220 mec

135 2269 238 2320 vetere
260 2260 495 2342 manuscripto,
525 2279 622 2342 quem
650 2269 779 2342 propter
799 2260 1016 2323 valetudinem
1040 2267 1109 2319 tum
1127 2265 1209 2320 tern-

133 2359 217 2440 pcris
239 2357 493 2434 incommodam,
515 2356 657 2440 aliasque
679 2357 775 2420 iustas
797 2357 838 2418 ob
859 2378 978 2433 causas,
999 2355 1210 2418 transcribere

135 2463 193 2517 nec
207 2455 300 2517 licuit
317 2476 378 2519 nee
398 2454 504 2517 libuit.
525 2457 599 2535 Quo
616 2457 733 2518 fectum
748 2464 846 2518 estut
864 2465 992 2540 praeter
1005 2453 1081 2517 vitia
1099 2474 1210 2516 exem-

132 2555 228 2636 plaris
254 2577 336 2639 quae
354 2554 502 2618 consulto
521 2554 564 2615 ita
587 2556 807 2639 reliqueram,
828 2556 916 2639 quod
939 2576 1049 2617 eorum
1077 2553 1211 2637 castiga·

132 2652 252 2713 tionem
272 2653 356 2715 notis
382 2652 460 2716 meis
484 2674 689 2731 reservarem,
707 2654 899 2717 accesserint
917 2655 1012 2716 etiam
1035 2653 1099 2714 alia
1117 2673 1210 2715 men-

135 2750 174 2811 da
186 2750 428 2843 typographica,
451 2752 493 2813 ob
512 2752 717 2815 insolentiam
735 2754 928 2815 characteris
952 2753 1007 2817 cui
1020 2773 1085 2816 non
1104 2771 1209 2814 essue·

134 2862 248 2912 verant
271 2873 395 2939 operae.
425 2851 508 2915 Cum
523 2873 599 2915 vero
615 2853 678 2931 iam
697 2852 737 2915 ad
751 2852 964 2936 colophonem
976 2850 1210 2935 propemodum

131 2950 285 3031 perducta
306 2960 388 3013 esset
404 2951 499 3015 etiam
515 2951 614 3013 lebna
634 2974 704 3013 mea
729 2952 844 3029 versio,
872 2952 962 3013 venit
975 2951 1054 3013 mibi
1067 2950 1100 3010 in
1116 2969 1209 3011 men·
1268 2986 1272 2994 ·

132 3059 196 3111 tem
217 3050 343 3112 audisse
361 3072 412 3112 me
429 3050 602 3133 aliquando
622 3050 777 3113 Coloniae
803 3072 820 3110 a
839 3050 1037 3111 nobilissimo
1064 3048 1209 3110 doctissi-

133 3168 250 3231 moque
279 3149 335 3210 fel.
363 3170 454 3215 mem.
480 3150 560 3228 viro,
577 3152 616 3211 D.
642 3149 766 3212 Thema
792 3148 968 3231 Redigerc,
1008 3147 1152 3208 datuma
1174 3164 1208 3206 se
1255 3156 1271 3193 f

133 3246 259 3308 cuidam
280 3248 445 3329 negotium
462 3247 695 3310 transcribendi
711 3248 878 3331 equadam
892 3245 1002 3310 Italiae
1011 3243 1208 3306 Bibliotheca

132 3345 285 3427 Agathiae
312 3346 494 3417 historiam
525 3345 767 3429 quodquidam
789 3368 862 3408 cum
886 3344 1071 3407 iamdudum
1096 3345 1140 3405 ita
1164 3345 1209 3404 sa·
1245 3332 1248 3336 ¹
1320 3345 1322 3349 ’

134 3454 221 3504 ctum
247 3444 344 3506 fuisse
366 3445 460 3528 plene
486 3444 566 3506 mibi
594 3444 838 3529 persuasissem,
860 3444 932 3507 misi
957 3444 1120 3527 exemplar
1142 3443 1207 3504 mei

130 3542 287 3625 Agatbiae
321 3564 433 3625 graece
468 3544 576 3606 excusi
607 3544 648 3605 ad
675 3544 726 3611 Cl.
753 3542 974 3607 V.'1acobnm
1004 3542 1206 3617 Menenium,
1336 3563 1341 3569 ’

129 3642 304 3724 ro'gariqne'
322 3662 379 3725 per
397 3643 504 3706 literas
516 3651 552 3705 ut
571 3642 656 3705 illud
669 3665 742 3704 cum
764 3643 982 3726 manuscripto
1000 3640 1111 3703 codice
1123 3638 1209 3721 Aga-

128 3738 234 3819 thiae,
264 3762 361 3823 quem
392 3744 522 3806 omnino
546 3742 756 3818 Vratislarine
781 3742 816 3803 in
837 3740 1032 3803 bibliotheca
1059 3737 1110 3798 lll.
1137 3738 1207 3803 ΠΙ).

126 3838 360 3923 Redigercrum
377 3852 499 3905 exstare
518 3842 682 3927 putabam,
699 3842 840 3905 conferri
860 3849 996 3905 curaret.
1017 3837 1115 3917 Quod
1135 3858 1210 3899 cum
1297 3873 1302 3883 ·

126 3937 182 3999 ille
205 3950 266 4023 pro
286 3939 440 4022 singulari
463 3964 521 4005 suo
541 3942 576 4003 in
600 3930 865 4005 rem'titerariam
894 3936 1000 4001 studio
1016 3936 1051 3997 in
1072 3956 1105 3998 se
1119 3954 1211 3997 rece.

127 4036 245 4117 pisset,
284 4040 570 4122 spopondissetque
597 4034 781 4104 curaturum
812 4059 846 4119 se
874 4046 912 4098 ut
941 4034 1089 4116 petitioni
1119 4052 1209 4093 meae

127 4135 253 4215 prolixe
277 4136 458 4219 satisfieret,
489 4140 680 4221 simulatque
703 4139 883 4220 praefectus
909 4134 1123 4196 bibliothecae
1151 4129 1209 4211 qui

127 4241 191 4299 tum
208 4256 345 4323 peregre
361 4246 429 4301 erat
443 4240 570 4305 domum
586 4238 751 4303 rediisset:
773 4236 964 4321 significavit
976 4234 1107 4297 tandem
1123 4229 1214 4293 mut·
1247 4288 1260 4297 .
