3109 4950
294 277 361 393 78·
725 313 935 387 serrone

154 456 377 526 A·C·55³se'ees
400 452 447 528 ds
472 464 644 549 ἐτύγχανον
663 466 865 555 ἦσεβηκόττς.
897 473 978 562 πλὴν
1003 478 1073 543 ἀλλ’
1096 471 1180 561 ὅμως
1198 480 1260 549 εἴτε
1284 484 1370 557 ούτω

178 531 200 582 1'
217 531 412 642 Ιοα71ξυμβόιν
418 610 429 643 ,
457 558 520 627 εἴτε
542 562 598 629 καὶ
622 561 698 643 ἴσως
723 571 789 634 τῶν
813 572 1048 655 ’Ἀλαμανικῶν
1067 579 1289 666 χρησμολόγων
1308 582 1369 653 ire

289 655 328 742 tr}
347 652 403 724 ούν
421 661 524 749 τρόπφ
540 660 580 727 τοὶ
593 662 724 746 ἐσόμενα
740 669 1024 756 ἐπιφρασαμένων,
1045 668 1085 739 ού
1107 676 1194 744 κενόν
1210 692 1277 760 τοῖς
1294 652 1370 751 πολ.-

289 760 354 832 λοΐς
374 752 448 823 siti
465 754 666 845 ἀτελεύτητον
683 760 787 843 ἔδοξεν
801 764 883 833 εἶναι
900 767 936 834 τό
953 772 1128 854 μάντευμα.
1153 771 1236 854 ὅπως
1255 782 1290 845 di
1305 786 1369 849 τῶν

289 852 400 938 ἐφεξῆς
416 858 531 921 ἕκαστα
545 856 709 945 ἐπράχθη,
741 857 854 929 αύτύκα
875 868 908 944 ἐς
926 865 963 932 τὸ
983 864 1108 957 ἀκριβὲς
1126 872 1170 950 ὥς
1189 868 1253 943 οἷόν
1268 880 1388 961 τέμοιό

282 955 444 1028 λελέξεται.

296 1070 299 1079 ‘
364 1050 399 1129 ζ.
435 1054 471 1119 Ὁ
487 1054 621 1143 μὲνγὰρ
641 1060 702 1124 τῶν
717 1061 872 1147 Φράγγων
886 1061 965 1141 λαούς
982 1055 1046 1133 aits
1066 1095 1133 1149 πως
1152 1066 1237 1155 εἶχεν
1255 1073 1368 1163 όρμῆς,

282 1162 338 1222 καί
358 1142 419 1239 ἤδη
446 1147 552 1231 αὐτοῖς
577 1153 617 1219 τά
640 1150 718 1223 ὅπλα
747 1160 1007 1249 μετεκιχειριστο.
1043 1168 1194 1245 ἐξώπλισε
1220 1176 1257 1239 δὲ
1278 1179 1333 1240 καί
1349 1162 1383 1250 ds

282 1257 416 1343 Ναρσῆς
431 1251 505 1331 τούς
528 1250 727 1339 Ῥωμαίους,
757 1257 813 1323 καὶ
829 1259 963 1344 ὑπεξῆγε
979 1267 1038 1328 τού
1053 1273 1284 1357 στρατοπέδου,
1312 1277 1366 1362 ἐφ’

282 1346 308 1443 ᾧ
327 1356 362 1421 ἐν
380 1355 557 1441 μεταιχμίῳ
575 1358 740 1440 γενέσθαι,
771 1348 866 1444 ούπερ
882 1356 948 1424 ἔδει
967 1358 1083 1443 αύτούς
1098 1371 1132 1443 ἐς
1149 1372 1292 1455 φάλαγγα
1307 1397 1408 1439 ιτα-ιο

254 1456 448 1537 Βταστῆναι.
483 1452 518 1516 όν
536 1443 562 1541 ᾧ
578 1454 613 1517 δὲ
630 1450 665 1515 τό
684 1452 865 1542 στράτευμα
885 1459 1053 1545 sesamo,
1081 1465 1138 1529 καί
1160 1461 1222 1553 ἤδη
1243 1466 1368 1559 ὄστρα-

280 1550 374 1639 τηγός
391 1553 436 1639 τῷ
448 1553 530 1639 ἵππῳ
546 1550 734 1636 secessisse,
751 1548 932 1637 άγγέλλεταύ
944 1556 984 1641 οἱ,
996 1560 1040 1637 αἱς
1061 1555 1208 1650 Ἕρουλύς
1215 1592 1264 1645 τις
1274 1552 1379 1658 άνὴρ,

281 1647 319 1717 ού
335 1655 397 1717 τοῖν
409 1652 530 1715 πολλάν
549 1653 624 1736 παρ’
640 1645 747 1729 αὐτοῖς
764 1651 821 1717 καὶ
835 1656 1118 1743 ύιαλανιλανόντων,
1133 1658 1201 1727 ἄλλ’
1214 1666 1378 1755 εύπατριῑ,

281 1753 337 1837 ύης
358 1753 394 1817 ἐν
407 1757 473 1826 τοῖς
487 1749 623 1831 μάλιστα
636 1752 691 1813 καί
701 1746 856 1836 ἀρίδηλος,
874 1755 930 1818 ἕνα
942 1758 1006 1821 τάν
1028 1759 1150 1824 siseres
1162 1763 1366 1849 θεραπόντων

279 1844 454 1926 άπεκτονώς
480 1847 528 1933 εἴη
550 1848 728 1934 οἰκτρότατα
753 1850 807 1935 ἐφ’
831 1849 951 1941 ότφούν
975 1853 1030 1918 καὶ
1049 1860 1216 1943 σφαλέντα
1247 1864 1409 1935 αύτάιαιὸι

280 1948 320 2034 δὴ
340 1941 397 2013 υύν
415 1944 554 2029 ἐπισχών
579 1949 621 2035 τῷ
639 1946 752 2034 ῥυτῆρι
767 1944 825 2013 τόν
847 1952 957 2035 ἵππον,
984 1952 1120 2039 παράγει
1139 1960 1173 2033 ἐς
1189 1961 1286 2039 μέσον
1308 1958 1363 2028 τόν

241 2094 251 2113 .
279 2043 483 2135 άνύροφύνον,
507 2046 551 2123 ὦς
567 2042 603 2109 ού
604 2072 627 2129 χ
643 2040 729 2112 όσιον
740 2038 775 2112 όν
795 2050 850 2113 ἐπὶ
869 2046 922 2115 τόν
936 2052 1072 2134 πόλεμον
1088 2056 1171 2119 ἰέναι
1187 2055 1261 2143 πρὶν
1282 2060 1375 2125 ἀπο--

277 2147 483 2231 λυμήνασθαι
503 2146 557 2209 καὶ
575 2138 748 2231 άφαγνύσαι
771 2144 806 2211 τό
825 2150 960 2230 μίασμα.
992 2150 1064 2215 ἐπεὶ
1077 2154 1113 2217 δὲ
1130 2154 1223 2242 χαύτρῑ
1238 2163 1363 2223 nenio-

277 2250 396 2336 νομένιρ
421 2246 456 2311 τὸ
471 2248 616 2333 πραχθὲν
640 2246 831 2330 άναμολύγει
852 2244 869 2311 ὅ
886 2248 1048 2337 βάρβαρος
1070 2253 1126 2317 καί
1141 2255 1199 2317 ούκ
1220 2250 1361 2344 άνῄνετο,

263 2346 458 2412 ,τούναντύον
473 2348 534 2429 μὲν
556 2338 683 2409 οὖνκαὶ
704 2343 817 2431 ἐφετὸν
841 2342 921 2412 εἶναι
940 2348 1060 2437 ἔφασκε
1079 2362 1146 2428 τοῖς
1164 2357 1402 2440 κεκτημένοιςαο

188 2448 218 2507 Ρ.
237 2442 353 2524 divesis
374 2447 546 2533 σφετέρους
563 2442 693 2520 δούλους
711 2437 732 2532 ᾗ
750 2443 917 2528 βούλονται
939 2452 1098 2534 μετιέναι,
1130 2445 1176 2516 ότι
1201 2478 1235 2518 τε
1255 2454 1310 2521 καὶ
1328 2456 1360 2524 οἱ

273 2550 391 2634 ἕτεροι,
429 2543 525 2629 εἰμὴ
558 2553 767 2630 σωφρονοῖεν,
805 2540 885 2610 isse
906 2544 966 2634 γάρ
998 2551 1054 2613 καὶ
1070 2552 1137 2617 οἵδε
1153 2551 1359 2638 παραπλήσια

273 2651 445 2713 πείσονται·
474 2641 581 2728 ἐπειδὴ
604 2637 664 2708 σύν
685 2638 790 2730 οἵσπερ
814 2638 852 2709 ού
869 2653 1047 2728 μεταμέλοι
1066 2643 1153 2738 αύτῷ
1169 2656 1226 2735 τῆς
1247 2677 1359 2739 παροι-

343 2753 367 2802 8.
386 2745 527 2810 αύτοῖςΒ.,
546 2745 622 2815 αύτῷ
639 2745 709 2814 vulg.
750 2764 789 2799 12.
804 2747 963 2816 ἐπιβεβύκει
978 2751 1007 2800 ll.
1082 2770 1120 2820 ιφ
1141 2744 1246 2822 ἓφετόν
1262 2773 1357 2810 emen-

343 2821 421 2872 davi:
438 2835 500 2870 nam
515 2819 629 2888 ἐφιέναι
650 2817 722 2867 inter
736 2817 790 2868 alla
806 2818 840 2869 ab
858 2822 969 2888 optimis
985 2822 1165 2887 scriptoribus
1181 2841 1229 2892 pro
1243 2829 1358 2893 permit.

342 2903 401 2944 sere
424 2889 543 2957 ponitur.
568 2889 652 2955 Intpr.
677 2887 762 2940 licere
791 2889 937 2942 asserebat.
961 2885 1064 2960 ἔφιτύν
1084 2894 1124 2958 R,
1143 2887 1266 2966 toseriis
1282 2899 1354 2966 vulg.

342 2978 386 3014 τό.
405 2957 594 3032 παραπλήσια
613 2959 652 3021 R,
669 2957 875 3026 παραπλήσιον
890 2961 961 3030 vulg.
1051 2970 1053 2974 ’

271 3057 344 3102 tasse
362 3047 544 3100 Alemannicis
560 3045 667 3097 vatibus
689 3061 854 3115 quocunque
871 3048 982 3099 tandem
1002 3049 1084 3102 modo
1093 3050 1183 3102 sutura
1196 3053 1366 3121 praedicen-.

273 3120 362 3182 tibus,
382 3126 455 3171 certe
471 3136 527 3169 non
541 3133 639 3169 vanum
656 3130 746 3185 neque
762 3116 869 3167 irritum
882 3118 913 3168 id
924 3120 1084 3170 vaticinium
1097 3121 1189 3172 multis
1207 3130 1249 3174 est
1261 3125 1359 3179 visum.

274 3187 337 3258 Quo
357 3198 435 3258 pacto
451 3197 541 3239 autem
559 3187 687 3254 deinceps
705 3184 811 3256 reliqua
828 3195 902 3258 gesta
925 3191 996 3255 sint,
1013 3198 1135 3243 accurate
1149 3193 1249 3256 statim,
1267 3194 1359 3264 quoad

274 3261 333 3314 eius
348 3259 407 3311 fieri
419 3261 531 3329 poterit,
551 3257 683 3308 dicentur.
1048 3324 1051 3329 ¹

344 3346 371 3401 γ.
408 3330 504 3380 Franci
526 3329 619 3398 itaque
642 3327 681 3378 ita
698 3325 795 3378 animis
812 3325 985 3394 aestuabant,
1008 3335 1038 3382 et
1054 3331 1108 3383 iam
1121 3348 1193 3383 arma
1216 3333 1359 3401 corripue-
1420 3364 1429 3381 .

272 3408 340 3452 rent.
377 3398 473 3468 Nosses
493 3401 574 3451 etism
606 3415 667 3450 suos
686 3398 798 3450 armavit
824 3400 970 3471 castrisque
993 3400 1104 3465 eduxit,
1132 3403 1220 3454 donee
1245 3400 1282 3453 ad
1296 3420 1359 3455 me-

272 3471 348 3522 dium
360 3473 432 3523 inter
450 3469 517 3520 duos
528 3470 661 3520 exereitus
677 3469 795 3537 spatium
807 3471 936 3532 venisset,
952 3471 1001 3523 ubi
1011 3471 1157 3540 oportebat
1165 3490 1211 3524 eos
1225 3474 1255 3524 in
1269 3474 1359 3527 aciem

272 3541 391 3611 disponi.
433 3541 540 3594 Interes
561 3555 624 3594 vero
647 3538 711 3590 dum
733 3539 867 3590 exereitus
885 3549 990 3603 movet,
1015 3551 1043 3593 et
1061 3544 1116 3594 iam
1132 3551 1242 3612 praetor
1256 3560 1359 3612 equum

270 3612 483 3674 conscenderat,
510 3611 652 3662 nuntiatur
672 3609 739 3678 ipsi,
762 3607 893 3659 Herulum
906 3611 1040 3680 quendam
1056 3629 1113 3663 non
1136 3630 1151 3664 e
1173 3613 1266 3664 multis
1283 3615 1358 3666 inter

269 3682 359 3753 ipsos,
386 3698 478 3753 neque
500 3680 664 3741 obscurum,
694 3678 741 3730 sed
759 3678 882 3730 nobilem
907 3682 1032 3749 inprimis
1049 3683 1238 3752 illustremque
1259 3684 1358 3746 virum,

268 3751 404 3826 quendam
424 3771 439 3805 e
459 3751 614 3804 domesticis
635 3749 690 3800 suis
708 3751 807 3811 servis,
828 3749 902 3818 quod
920 3751 1012 3821 aliqua
1025 3753 1056 3802 in
1069 3769 1098 3803 re
1113 3753 1283 3822 deliquisset,
1301 3755 1357 3805 mi-

267 3824 379 3875 serrime
401 3823 578 3874 interfecisse.
622 3819 721 3870 Statim
741 3820 834 3889 itaque
851 3819 975 3872 adductis
994 3821 1110 3874 habenis
1128 3839 1228 3892 equum
1247 3825 1357 3887 sistens,

266 3892 431 3946 homicidam
442 3895 472 3946 in
485 3893 605 3957 medium
617 3889 753 3960 producit,
771 3897 899 3958 tanquam
913 3890 952 3941 sas
966 3909 1023 3944 non
1037 3900 1109 3944 esset
1118 3893 1254 3962 proelium
1268 3893 1356 3956 adire,

266 3965 322 4018 nisi
350 3962 430 4014 caede
455 3965 568 4032 expiata.
610 3963 793 4028 Interrogatus
817 3976 879 4030 ergo
902 3961 937 4012 ab
956 3977 988 4014 eo
1005 3962 1149 4026 barbarus,
1173 3980 1235 4014 eum
1255 3965 1357 4016 sactum

266 4035 399 4087 fateretur
413 4049 502 4102 neque
519 4034 624 4087 inficias
643 4031 709 4092 iret,
735 4030 816 4080 immo
831 4045 847 4081 e
862 4034 998 4084 conuario
1012 4041 1158 4095 assereret,
1181 4030 1295 4086 liberam
1304 4035 1358 4086 do·

266 4106 349 4158 minis
370 4120 429 4156 esse
448 4108 610 4172 potestntem
627 4100 662 4152 de
681 4100 763 4152 servis
782 4101 837 4152 suis
853 4118 903 4170 pro
924 4119 973 4154 suo
990 4103 1105 4155 arbitrio
1119 4103 1299 4169 decernendi,
1323 4110 1356 4154 ut

268 4175 359 4230 etalii
376 4175 491 4236 seirent,
510 4174 564 4226 nisi
579 4173 699 4226 officium
714 4170 848 4232 facerent,
866 4171 992 4224 similiter
1006 4189 1097 4224 seeum
1110 4179 1199 4224 actum
1209 4175 1262 4226 isi:
1293 4190 1355 4225 oum

267 4247 363 4320 itaque
382 4243 468 4303 veluti
484 4241 562 4299 nulls
581 4240 672 4296 caedis
690 4242 1064 4313 perpetrassepoenitudine
1083 4241 1200 4308 ductus,
1225 4245 1356 4315 pervicax
