3109 4950
449 294 731 362 HISTORIARUM
762 295 815 359 111.
836 305 889 370 oo,
1153 272 1238 383 ‘193

152 446 501 529 aesetmabatur
534 446 611 523 τούς
640 448 789 530 ούδαμῶς
818 451 1068 536 παρεσομένους,
1108 446 1311 535 waiprato,
1332 471 1383 527 555

151 549 278 633 ἔχοντες
298 543 485 633 ἀφυλάκτως
510 541 618 621 αὐτοῖς
641 549 686 637 τῷ
708 546 929 636 ἀπροσδοκήτῳ
951 545 1049 630 ταχύν
1065 554 1230 633 προϊοῦσιν
1238 543 1258 592 ¹·
1268 543 1288 593 Ῑ·
1300 562 1335 615 29

153 650 391 727 ἐπιπεσεῖσθαι,
423 644 480 709 καί
502 642 539 709 τύ
560 646 658 729 τάχος
690 643 850 729 ἀνακόψαι
867 649 922 730 τῆς
937 645 1093 730 πορείας,
1120 650 1180 723 ἕως
1205 647 1320 731 olv.72

153 750 189 811 ἐν
204 749 249 833 epi
272 737 360 811 ύοτει
375 746 654 830 ἐκπολιορκηθεῖεν.
682 740 765 809 otro
784 748 844 827 μὲν
867 738 925 809 σύν
944 745 1080 826 δύναμις
1106 745 1145 809 ού
1164 746 1236 810 λίαν

131 842 301 929 ὄέλαχίστη
319 846 381 909 τῶν
407 845 545 929 Περσῶν
570 842 673 927 μάτην
693 841 866 928 η’σχύλητο,
904 846 962 908 τοῦ
981 837 1076 909 ἄλλον
1095 842 1271 927 πλήθοαςῙ)

154 939 351 1031 ἀφῃρημένη.
381 935 482 1015 εὐθύς
507 936 578 1005 δέὅ
601 938 797 1027 Ναχοραγύν
818 945 905 1025 ἐξῆγε
923 943 979 1016 καί
998 938 1041 1017 olla
1059 931 1115 1006 τύν
1140 968 1238 1027 στρα-

154 1040 227 1123 τὸν,
264 1039 390 1127 φθάσαι
414 1036 473 1123 την
497 1034 648 1124 ἐπήλυσιν
675 1042 774 1123 δῆθεν
792 1037 982 1123 βουλόμενος
1006 1044 1071 1106 τῶν
1092 1036 1239 1122 ούδαμοῖς

154 1140 376 1225 παρεσομένων
385 1188 395 1219 ,
425 1140 481 1202 καί
500 1140 602 1225 πολλῷ
618 1136 674 1216 ξύν
692 1139 872 1224 φρονήματι
887 1136 966 1203 κατὰ
982 1142 1047 1203 τῶν
1066 1135 1239 1219 Ῥωμαίων

154 1236 289 1324 ἐχώρει,
320 1237 539 1318 ἐπικομπύζων
565 1236 747 1323 ἀναφανδὸν
784 1236 841 1301 καί
868 1237 1099 1318 ἐπομνύμενος,
1132 1231 1150 1321 η’
1174 1234 1239 1320 μὴν

116 1332 344 1423 ιοαύδημερόν
359 1332 413 1420 τὴν
433 1334 525 1399 πόλιν
542 1328 667 1401 ἅπασαν
680 1337 791 1411 αὐτοῖς
810 1322 962 1422 ἀνδράσιν
977 1340 1144 1422 ἐμπρῆσαι.
1167 1338 1240 1401 ἐπε-

152 1438 283 1520 λέληστο
300 1433 375 1520 γὰρ,
397 1460 441 1511 ως
458 1434 576 1515 ἔοικεν,
598 1430 661 1498 ύπὸ
682 1429 858 1510 αύθαδείας
879 1435 896 1501 ὃ
914 1433 1098 1519 ἔμπληκτος,
1119 1434 1163 1511 ὥς
1177 1432 1240 1520 ἄρα

152 1533 208 1599 ἐπὶ
226 1530 358 1615 πόλεμον
384 1528 453 1619 ᾔει,
487 1527 734 1619 πρᾶγμαούτιος
757 1528 878 1618 οἷφανές
900 1557 935 1597 τε
960 1532 1016 1598 καί
1038 1533 1240 1617 ύδήλύτατον,

152 1629 209 1695 καί
233 1630 349 1706 πολλὰς
366 1628 587 1715 ἐπιδεχόμενον
606 1635 660 1717 ἐφ’
687 1628 819 1716 ἑκάτερα
840 1630 939 1718 ῥοπὰς
964 1630 1019 1695 καί
1039 1634 1239 1714 μεταβάσεις,

151 1726 288 1811 μύλιστύ
299 1754 332 1794 τε
340 1722 473 1812 πύντων,
488 1734 579 1807 θείοις
591 1728 673 1807 τινὸς
690 1729 744 1793 καί
764 1730 936 1816 ὖπερτέρος
954 1725 1090 1814 ἇνύγκης
1100 1732 1240 1815 ἐπηρτη-

119 1831 268 1911 ιὸμένον,
298 1822 368 1893 ὅσον
388 1832 443 1893 καί
457 1828 591 1915 σμικρὸν
606 1829 697 1895 οὐδὲν
713 1832 748 1893 ἐν
770 1830 882 1918 ταύτῷ,
893 1828 1048 1913 γίγνεται,
1079 1830 1147 1892 ἀλλ’
1161 1828 1271 1913 ἔδνηΡ.
1279 1847 1332 1904 101

153 1952 189 1993 τε
210 1924 388 2012 ἀνθρώπων
405 1926 506 2014 μυρία
521 1926 577 1991 καί
593 1926 698 2003 πόλεις
715 1926 841 2011 συχναί,
856 1930 910 1991 καί
925 1930 1066 1991 πολιτεία
1082 1924 1240 2009 ξύμπασα,

157 2019 238 2090 ούτω
255 2023 439 2111 παρασχὸν,
451 2020 648 2113 ,γύνακινεῖται
665 2028 720 2091 καί
737 2028 995 2108 διαταράττεται,
1012 2026 1068 2091 καί
1087 2024 1143 2103 τύς
1160 2026 1239 2112 ὑπὲρ

155 2126 220 2189 τῶν
244 2118 325 2203 ὅλοιν
349 2122 477 2201 ἐλπίδας
506 2124 642 2189 σαλεύει.
663 2122 680 2188 ὅ
705 2126 740 2187 δὲ
763 2129 796 2201 ἐς
818 2127 964 2190 τοσοῦτον
991 2126 1104 2210 ἐπῆρτο
1126 2120 1241 2201 ἀλαζο-

156 2225 242 2299 νείας
252 2275 263 2304 ,
283 2218 326 2299 ὥς
348 2222 482 2299 καὶτοῖς
505 2222 684 2310 ἐργοπόνοις
706 2225 761 2289 καί
777 2220 964 2309 ύπηρέταις,
994 2225 1027 2288 οἳ
1051 2221 1089 2305 δη
1106 2220 1166 2286 aad
1185 2219 1241 2307 την

114 2316 238 2406 αούλην
259 2319 500 2403 σκεδαννύμενοι
517 2320 556 2388 τὰ
577 2324 695 2408 δένδρα
709 2324 914 2403 κατέτεμνον,
935 2317 1031 2404 τυχὸν
1045 2324 1106 2401 μὲν
1119 2323 1241 2399 ξολείας

154 2422 244 2485 ἕνεκα
254 2470 265 2502 ,
292 2414 389 2503 τυχὸν
405 2420 452 2484 δέ
472 2406 527 2484 καί
542 2422 707 2505 ἐπισκευῆς
725 2420 788 2485 τῶν
805 2418 979 2501 πολεμικῶν
993 2414 1240 2505 μηχανημάτων·

154 2520 275 2594 τούτοις
297 2515 335 2602 δὴ
368 2510 424 2584 ούν
449 2515 567 2584 ἅπασιν
601 2521 759 2601 ἐκέλευεν,
801 2518 930 2585 ἐπειδὰν
955 2516 1072 2583 καπνὸν
1099 2519 1240 2604 dotum

155 2615 335 2700 deduciaco,
352 2617 425 2694 τούς
448 2619 483 2682 δὲ
501 2619 681 2704 γιγνώσκειν
702 2618 746 2695 οἷς
768 2622 834 2706 πῦρ
850 2611 910 2704 ἤδη
928 2622 973 2708 τῷ
986 2622 1048 2683 τῶν
1071 2615 1242 2702 Ῥωμαίων

230 2771 267 2806 ra.
287 2754 329 2817 εἴη
346 2754 376 2806 a.
413 2773 417 2780 ’
465 2749 538 2806 οὕτω
555 2755 584 2806 a.
668 2755 708 2824 id.
727 2752 852 2824 μάλιστα
870 2768 900 2806 τε
923 2756 962 2817 a,
979 2753 1104 2824 μάλιστα
1121 2769 1155 2824 γε
1170 2756 1242 2846 vulp·

231 2842 270 2892 ¹9·
291 2824 457 2894 ἐργοποίοις
474 2827 503 2876 a.
575 2842 617 2878 ar.
637 2829 685 2877 καὶ
703 2841 754 2878 om.
773 2828 802 2876 a
873 2829 915 2880 ολ
931 2824 1088 2880 θεάσαιντο
1105 2827 1134 2878 a
1205 2842 1244 2881 ue

140 2894 148 2912 “
225 2892 666 2968 uspll.,sedinmg.aieudp.

155 3013 274 3084 spectati
294 3015 442 3076 venirent,
470 3016 606 3068 irruerent
628 3029 839 3086 progressusque
867 3015 1034 3071 celeritatem
1063 3015 1243 3077 retardarent,

157 3083 249 3154 quoad
264 3101 352 3156 usque
366 3084 497 3154 oppidum
517 3093 788 3154 expugnatumesset
805 3085 896 3157 Atque
913 3087 952 3140 ita
974 3086 1085 3156 quidem
1104 3087 1243 3136 Persarum

156 3171 212 3206 uon
229 3155 327 3224 exigua
339 3172 434 3207 manus
452 3157 552 3208 lrustra
568 3155 726 3218 laborabat,
747 3173 763 3206 a
775 3157 882 3226 reliquo
895 3158 1014 3208 exercitu
1027 3153 1168 3206 subducta.
1187 3155 1244 3205 Nau

158 3223 291 3293 choragan
313 3240 377 3278 vero
401 3227 445 3278 vel
471 3227 510 3278 sic
535 3229 683 3278 exercitum
703 3226 816 3290 eduxit,
834 3235 1004 3278 antevertere
1026 3225 1132 3276 scilicet
1147 3241 1242 3276 eorum

159 3293 303 3346 adventum
315 3297 436 3366 cupiens,
449 3299 498 3368 qui
512 3295 682 3348 nullomodo
696 3306 771 3350 erant
785 3298 908 3362 venturi5
919 3299 1066 3366 animoque
1075 3295 1155 3346 valde
1170 3296 1243 3346 elato

158 3364 190 3414 in
206 3365 337 3418 Romanos
352 3368 505 3430 ferebatur,
522 3365 613 3436 palam
625 3369 727 3419 iactans
739 3375 821 3437 atque
833 3367 944 3434 insuper
957 3368 1059 3428 iurans,
1077 3382 1106 3416 se
1126 3382 1159 3416 eo
1181 3366 1242 3432 ipso

160 3433 206 3484 die
219 3434 313 3486 urbem
327 3446 413 3490 totam
425 3455 485 3490 cum
502 3439 570 3507 ipsis
579 3437 737 3492 hominibus
751 3439 932 3488 incensurum.
957 3437 1067 3488 Oblitae
1081 3437 1154 3486 enim
1169 3442 1242 3497 erat,

159 3503 203 3554 uti
217 3505 360 3558 verisimile
378 3517 432 3571 est,
449 3525 515 3577 prae
529 3508 656 3577 snperbia
670 3508 803 3559 fanaticus
815 3508 884 3569 iste,
901 3506 975 3577 quod
987 3506 1022 3559 ad
1034 3506 1169 3576 proelium
1181 3506 1246 3567 iret,

159 3589 218 3624 rem
235 3572 303 3626 adeo
317 3576 427 3628 dubiam
444 3588 525 3649 atque
539 3580 685 3642 incertam,
699 3579 848 3648 multisque
862 3579 891 3628 in
914 3587 1058 3648 utramque
1077 3584 1183 3644 partem
1198 3576 1244 3625 in-

159 3644 355 3710 clinationibus
370 3657 396 3699 et
416 3648 652 3700 vicissitudinibus
678 3648 839 3710 obnoxiam,
868 3649 983 3700 maxIme
1005 3664 1068 3703 vero
1088 3651 1243 3696 omniuma

158 3713 254 3766 diviua
271 3715 384 3784 quadam
400 3721 594 3789 superioreque
614 3721 775 3774 necessitate
796 3718 996 3787 dependentem
1012 3737 1019 3783 3
1037 3732 1096 3768 cum
1122 3733 1157 3766 ne
1177 3731 1242 3782 par-

157 3797 208 3834 vae
228 3785 338 3855 quidem
354 3805 394 3838 res
410 3789 482 3842 ullae
499 3791 528 3842 in
547 3788 642 3840 eodem
665 3807 770 3858 semper
788 3797 861 3840 statu
877 3805 953 3856 perm
970 3797 1067 3847 neunt,
1091 3785 1140 3837 sed
1159 3787 1241 3843 etiam

157 3855 438 3910 infinitaehominnm
464 3861 587 3910 nationes
617 3861 826 3930 frequentiaque
850 3858 951 3926 oppida
983 3865 1012 3909 et
1029 3857 1099 3908 'vita
1118 3857 1243 3906 universa

159 3933 360 3978 commutentur
385 3928 502 3982 subinde
530 3938 558 3980 et
575 3931 787 3998 perturbentur,
820 3938 849 3981 et
870 3945 931 3996 spes
958 3927 993 3979 de
1011 3927 1092 3978 rebus
1109 3928 1242 3978 universis

159 4005 308 4064 perpetuae
324 3999 467 4066 agitationi
488 3999 716 4068 tliictuationique
740 4000 796 4050 siut
809 3998 953 4049 obnoxiae.
990 3997 1042 4048 Hic
1061 4013 1124 4048 vero
1143 4013 1176 4048 eo
1196 4014 1244 4047 su*

158 4065 272 4133 perbiae
285 4065 449 4132 devenerat,
470 4077 501 4120 ut
515 4070 595 4120 ctiam
614 4069 744 4135 operariis
756 4075 785 4118 et
796 4068 944 4128 ministris,
960 4067 1008 4136 qni
1024 4084 1072 4136 per
1087 4069 1181 4118 silvam
1198 4066 1243 4117 dia

157 4137 247 4202 spersi
286 4135 396 4188 arbores
423 4137 633 4207 praecidebant,
658 4138 714 4188 sive
736 4135 859 4205 lignandi
879 4153 958 4187 cansa
989 4138 1046 4189 sive
1067 4135 1249 4214 conficiendis

160 4205 296 4258 machinis
315 4209 439 4274 bellicis,
457 4208 518 4272 his,
535 4209 661 4278 inquam,
678 4207 804 4279 omnibus
815 4207 966 4272 mandarit,
999 4217 1030 4260 ut
1054 4223 1115 4261 cum
1139 4207 1246 4273 sumunt

221 4299 366 4370 Agathino·
977 4304 1007 4354 ra
