3109 4950
299 308 376 395 162
745 307 955 389 sessuras

162 513 191 567 Δ.
203 508 231 564 (λ.
241 503 291 565 osi
298 490 399 559 ἔνεστι
416 483 575 575 κρείττονα
593 474 711 544 τούτων
726 468 867 537 ἑλέσθαι·
896 458 951 528 καί
966 458 1002 524 τό
1014 457 1133 545 ῥηιδίως
1149 450 1380 533 έναπεισθήναι

187 583 237 635 Μ’
255 581 289 637 ²⁸
298 587 461 677 τεκμήριον
476 584 553 664 άμῖν
567 578 695 663 ἐναργὲς
709 574 764 656 τής
781 567 903 649 άπάτης
917 562 1062 646 γινέσθω.
1080 557 1124 641 τῷ
1140 550 1200 637 γάρ
1218 548 1258 613 τά
1275 546 1381 630 ψευδῆ

295 684 540 772 συμβουλεύοντι
551 671 693 761 μείζονάς
701 694 734 735 τε
751 664 868 747 κόσμου
885 660 941 727 καί
952 653 1109 730 ποικιλίας
1119 648 1268 736 ῥημάτων
1282 668 1382 731 προσ-

299 794 356 857 θεῖ·
374 784 544 851 κάντεῦθεν
566 774 670 861 πολλῷ
686 770 729 857 τῷ
750 772 896 850 θέλγοντι
915 757 1094 845 χριόμενος,
1113 752 1231 815 θάττον
1244 734 1384 830 Ιἐφέλκε-

298 912 350 955 ται
369 880 442 957 τούς
458 877 694 963 εὖηθεατέρους.
715 864 799 932 odric
821 868 856 929 di
874 864 928 926 καί
946 855 1044 938 ὑμεῖς,
1068 853 1126 917 τοῦ
1146 843 1269 931 Αἰήτου
1285 839 1402 927 copi-5

299 1009 405 1070 σματα
425 978 597 1065 προθέντος
611 965 756 1052 ἐπαγωγά
772 967 828 1030 καί
845 956 1025 1047 παράλογα,
1055 946 1110 1015 σάκ
1121 944 1192 1022 Ιἴστε
1209 938 1292 1017 ὅπως
1307 943 1384 1026 ἑφε-

299 1083 476 1165 νακίσθητε·
514 1073 617 1139 καίτοι
643 1072 673 1133 εἰ
700 1069 754 1131 καί
778 1064 877 1149 μηθὲν
899 1064 1024 1142 ἕτερον,
1061 1051 1131 1114 ἀλλ’
1156 1041 1254 1112 ἐκεῖνό
1273 1064 1308 1125 γε
1330 1036 1387 1102 καί

299 1186 371 1251 λίοιν
384 1182 418 1246 ἐν
438 1173 583 1263 προδήλῳ
600 1168 739 1252 κείμενον
754 1159 844 1249 εόρσι
862 1182 911 1235 τις
930 1151 991 1236 rto,
1023 1150 1068 1227 σός
1081 1141 1177 1232 άλλης
1189 1140 1273 1216 τινός
1292 1134 1385 1222 ζητή-

274 1295 380 1355 Coeus
398 1280 437 1364 άρ
439 1273 500 1360 χήν
516 1268 683 1355 ἐμβάλλειν
698 1263 847 1350 προήχθη
860 1261 922 1324 τῶν
937 1249 1022 1341 ἐφ’ίὶ
1041 1248 1201 1333 πάρεσμεν
1215 1242 1385 1323 ἀλλοτριω-

301 1380 406 1465 τάτην.
440 1373 582 1456 καθάπερ
606 1366 667 1453 γάρ
687 1365 775 1446 tuctu
800 1359 948 1424 ἁπάντων
971 1353 1007 1417 οὗ
1030 1343 1117 1414 δεινά
1135 1335 1324 1407 καθεστάναι
1342 1329 1427 1397 roso

302 1471 522 1561 συμβεβηκότα
540 1464 743 1557 φασκόντων,
778 1458 834 1523 καί
852 1460 909 1542 τῆς
928 1448 1046 1518 άτόπου
1068 1438 1253 1529 μιαιφονίας
1272 1432 1385 1525 ήκιστα

302 1572 612 1659 καταμεμφομένων,
643 1561 698 1627 καί
711 1563 805 1626 τοῦτο
829 1556 925 1638 μόνον
946 1541 1201 1615 διασκοπούντων
1227 1534 1314 1620 εἴπερ
1341 1532 1385 1606 οἷς

302 1672 430 1761 άληθῶς
448 1662 665 1755 ἡμαρτήκασιν
680 1660 709 1724 οἱ
727 1656 782 1723 τόν
803 1659 834 1721 Γ
832 1649 968 1737 ουβάζην
983 1639 1201 1719 ἀπεκτονότες,
1222 1634 1386 1718 παρῆλθεν

303 1772 485 1857 κατηγορῶν
501 1768 645 1842 ἐκείνων,
671 1756 725 1824 καί
740 1754 902 1827 πλείστους
919 1746 1011 1822 ὅσους
1026 1734 1257 1831 προφερόμενος
1274 1728 1387 1814 λόγους

304 1870 359 1937 ἐπί
369 1877 435 1943 τοῖς
445 1860 504 1951 ήδη
514 1862 765 1945 Ιιλιεγνωσμένοις.
786 1851 846 1938 θγσό
864 1854 899 1915 δὲ
913 1842 1111 1931 καταράτους
1128 1839 1188 1920 μὲν
1203 1829 1288 1899 είναί
1302 1828 1430 1916 φημιιὸ

303 1966 359 2034 καί
374 1966 603 2045 κακοθαᾲιονας
613 2011 622 2041 ,
642 1957 697 2023 καί
714 1958 800 2030 οἵους
814 1949 928 2039 ἥδιστα
947 1943 1128 2024 θεασαίμην
1145 1932 1186 2001 άν
1207 1932 1330 2017 ὀλέθρῳ
1342 1928 1386 2013 τῷ

304 2066 429 2133 πάντων
441 2056 653 2147 χαλεπωτάτῳ
670 2054 916 2135 θιωλλυμὲνους,
938 2047 977 2109 σά
995 2038 1092 2127 μόνον
1113 2032 1186 2110 τοός
1201 2030 1386 2118 πλήξαντας,

273 2170 361 2242 Duas*
375 2162 431 2249 τήν
441 2157 567 2249 σφαγήν
584 2166 655 2232 ταῖς
670 2156 781 2240 χερσίν
798 2144 1033 2231 ἐπενεγκόντας,
1055 2134 1136 2205 άλλά
1150 2133 1206 2197 καί
1219 2128 1295 2205 code
1310 2121 1386 2204 ὅσοι,

305 2260 408 2351 παρόν
431 2257 580 2339 κωλάειν,
601 2258 734 2343 ἐφῆκαν,
765 2247 897 2338 πρόςίλέ
916 2268 951 2329 γε
971 2239 1028 2307 καί
1047 2234 1123 2311 τοός
1140 2232 1313 2319 ἡσθέντας,
1333 2222 1390 2287 καί

304 2362 378 2439 τοὺς
396 2360 442 2446 μή
460 2358 531 2425 λίαν
548 2351 835 2442 ὖπερσλγήσαυτας.
862 2344 942 2431 πλήν
965 2342 1033 2406 ἀλλ’
1051 2336 1125 2415 osis,
1140 2326 1263 2413 «ἐπειδή
1286 2327 1435 2390 ταῦτααο

302 2458 479 2549 γιγνώσκω,
509 2448 570 2543 ήδη
594 2477 655 2518 που
679 2451 735 2516 καὶ
757 2452 957 2536 προσχωρεῖν
985 2448 1050 2514 τοῖς
1070 2436 1216 2521 Πέρσαις
1238 2422 1390 2493 συνοίσει·

375 2605 400 2642 a.
418 2585 547 2656 γινέσθω
564 2581 604 2643 R,
621 2565 749 2648 γενέσθω
766 2575 839 2643 vulg.
910 2571 935 2638 4.
954 2567 1126 2637 ἐφέλκεσθαι
1143 2561 1174 2610 R.
1219 2557 1248 2614 6.
1260 2549 1389 2621 προθέν-

374 2673 423 2714 τος
439 2657 469 2709 R.
484 2662 513 2706 et
525 2654 608 2720 Intpr.
621 2657 802 2720 proponente,
824 2641 1004 2712 προσθέντος
1020 2637 1092 2704 vulg.
1165 2628 1203 2693 ab
1221 2617 1390 2694 προσφερό-

373 2739 460 2797 μενος
480 2725 508 2775 Β.
583 2722 621 2772 15.
639 2721 694 2789 μὲν
708 2723 771 2786 post
787 2711 965 2784 καταράτους
979 2711 1031 2760 ias.
1048 2708 1096 2768 Pu,
1112 2717 1164 2755 om.
1182 2697 1256 2765 vulg.

308 2846 351 2890 cta
369 2843 446 2918 sunt,
469 2851 485 2886 a
506 2833 583 2885 vobis
601 2830 803 2901 approbentur,
815 2821 1061 2881 considerantibus,
1078 2814 1154 2888 quod
1170 2807 1314 2878 repentino
1328 2810 1393 2853 tau-

307 2915 366 2960 tum
381 2915 411 2958 et
427 2913 543 2967 msueto,
562 2920 618 2954 non
634 2909 724 2952 autem
739 2899 856 2950 honesto
876 2905 905 2947 et
921 2893 985 2944 utili
1017 2887 1153 2943 robabilia
1168 2886 1224 2934 siut
1239 2880 1307 2929 uisa.
1341 2874 1390 2922 ln-

306 2977 424 3047 telligite
441 2990 504 3026 vero
517 2976 619 3042 potius,
638 2969 713 3042 quod
730 2970 839 3022 tametsi
857 2965 926 3018 haec
943 2963 986 3014 val
1006 2978 1021 3012 e
1042 2959 1121 3012 vohis
1142 2962 1218 3025 grata
1236 2947 1392 3004 videantur,

308 3049 422 3099 meliora
445 3054 537 3097 tamen
561 3041 605 3096 his
632 3041 760 3109 amplecti
783 3041 864 3091 iicet:
890 3034 1056 3103 evidensque
1081 3026 1160 3079 vobis
1182 3019 1286 3074 fraudis
1311 3031 1394 3083 argu-

308 3127 432 3202 mentum
450 3117 488 3168 sit
505 3115 586 3166 facile
605 3109 770 3182 persuaderi.
813 3109 883 3160 Nam
903 3106 931 3158 ei
950 3105 999 3174 qui
1018 3101 1088 3153 falsa
1105 3096 1174 3147 velit
1191 3090 1315 3149 suadere,
1332 3101 1392 3134 ma-

308 3204 368 3241 rore
393 3195 490 3239 ornatu
510 3186 694 3254 varietateque
711 3181 857 3234 verborum
880 3185 922 3229 est
940 3189 1022 3242 opus3
1051 3167 1179 3240 quocirca
1201 3161 1288 3214 multo
1307 3155 1394 3207 orati

308 3260 370 3310 onis
397 3256 534 3308 lenocinio
561 3265 660 3316 utens,
688 3251 867 3322 simpliciores
893 3247 974 3300 citius
1000 3239 1121 3293 attrahit.
1166 3236 1209 3286 Ita
1225 3246 1289 3283 vero
1308 3226 1394 3276 etiam

307 3344 374 3411 eos,
400 3343 460 3408 cum
478 3325 575 3376 Aeetes
593 3322 768 3376 illecebrosas
787 3319 916 3390 quasdam
938 3315 1102 3382 fallacesque
1121 3305 1239 3377 argutias
1257 3295 1395 3350 adhibue-

308 3405 362 3482 rat,
381 3396 492 3448 nescitis
511 3397 579 3462 ipsi,
599 3392 736 3464 quomodo
756 3391 863 3459 decepti
882 3389 954 3442 sitis.
988 3385 1023 3434 Et
1040 3379 1152 3452 quidem
1165 3383 1197 3427 ut
1215 3370 1288 3424 nihii
1305 3363 1397 3424 aliud,

309 3466 380 3550 allud
404 3473 477 3518 certe
503 3465 672 3534 apertissime
697 3463 782 3514 cuivis
801 3466 922 3512 constare
939 3461 1046 3524 potest,
1067 3447 1141 3521 quod
1158 3446 1240 3498 aliam
1257 3434 1395 3511 quandam

309 3545 401 3590 statim
426 3536 508 3587 initio
532 3537 719 3604 quaestionem
744 3533 885 3595 iniecerit,
908 3527 1006 3588 abiis,
1030 3536 1147 3594 quorum
1164 3529 1244 3569 causa
1264 3504 1397 3561 eonveni-

309 3624 379 3672 m¹¹⁸r
396 3605 600 3660 fliflssifflimam.
636 3600 749 3656 Perinde
771 3602 845 3653 euim
861 3609 944 3672 atque
961 3594 1040 3649 robis
1058 3588 1195 3648 omuibus,
1212 3598 1270 3635 nou
1287 3591 1346 3631 esse
1363 3591 1396 3624 a·

310 3679 397 3730 trocia
422 3693 493 3748 quae
511 3675 682 3735 acciderunt,
700 3671 874 3736 dicentibus,
898 3676 927 3721 et
947 3674 992 3719 tur
1012 3681 1055 3715 em
1072 3659 1144 3712 hanc
1161 3655 1270 3708 caedem
1289 3661 1397 3715 nequa·

311 3765 392 3830 quam
411 3745 613 3807 accusantibus,
633 3752 715 3814 atque
733 3741 786 3792 hoc
803 3742 891 3792 solum
908 3683 1159 3790 considerantibus,
1180 3743 1217 3776 an
1233 3736 1326 3775 revera
1345 3714 1397 3765 de-

311 3816 459 3898 liquerint,
485 3818 534 3889 qui
551 3814 690 3867 Gubazem
709 3812 921 3873 inbersccerunt,
943 3808 1055 3858 iliorum
1074 3799 1273 3852 accusationem
1290 3782 1401 3858 praetess

235 3927 240 3935 .
312 3893 377 3948 rut,
396 3887 481 3939 multa
522 3885 638 3940 everba
657 3883 691 3935 de
709 3883 743 3932 iis
762 3897 832 3954 quae
850 3884 905 3933 iam
923 3876 1031 3947 cognita
1047 3879 1126 3934 sunt,
1146 3861 1305 3921 consumsit.
1339 3855 1401 3923 Ego

311 3970 375 4036 Ver?
393 3906 557 4008 execrabiles
576 3971 633 4008 esse
653 3952 714 4004 dico
729 3951 844 4024 Deoque
862 3951 977 4010 invisos,
1002 3957 1126 4015 quosque
1143 3933 1328 3990 libentissime
1352 3925 1401 3980 si-

312 4023 400 4106 deflm
423 4041 490 4108 nece
508 4026 630 4078 onmium
657 4024 825 4076 atrocissima
850 4021 982 4090 periisse,
1010 4031 1068 4067 aon
1086 4018 1195 4063 mutum
1210 4011 1402 4074 percussores,

312 4107 425 4176 qfflque¹
439 4111 494 4146 suis
520 4095 641 4163 ipsorum
663 4093 790 4144 manibus
813 4090 925 4144 caedem
955 4087 1172 4158 perpetrarunt,
1194 4088 1290 4128 verum
1317 4067 1402 4119 etism

310 4180 406 4217 ‘’mn‘'
424 4181 487 4248 5⁰³⁹
506 4164 559 4248 'qui
582 4180 643 4216 0⁰³1
667 4163 815 4233 prohibere
841 4167 971 4229 possent,
992 4154 1193 4226 permiserunt,
1210 4153 1240 4196 et
1259 4157 1306 4196 eos
1323 4140 1420 4187 insu--

312 4250 362 4304 1³⁹¹
384 4251 540 4321 ‘1¹¹¹‚82V1ss
562 4242 643 4296 sunt,
676 4239 705 4286 ei
727 4233 776 4304 qui
798 4249 855 4285 nou
877 4242 1039 4300 magnopere
1062 4219 1250 4275 indoluerunt.
1302 4207 1406 4277 Uespe
