3109 4950
300 292 379 381 1'56
725 326 948 401 sotrum
1045 334 1060 379 ι

150 490 182 541 Δ.
196 488 225 541 c.
240 475 411 557 tttrodrow
426 476 535 557 αδτοῖς
551 479 587 554 τό
602 480 724 567 θράσος
739 475 870 565 ἑστήξει·
900 475 999 562 ἄλλό,
1020 479 1074 547 κατ’
1093 485 1378 568 μεθιέντωνήμοῖν

190 560 325 639 ωδτό
342 573 494 661 ἐπιλλημα
518 581 585 643 οἵδε
606 580 662 643 οὐκ
683 574 868 666 ἀφέξονται,
897 579 952 645 καί
973 568 1174 667 ἠρεμοῦντας
1193 576 1377 669 ἀδεέστερον

290 675 515 755 λυμανοῦνται.
544 678 607 741 εἰσί
619 675 680 765 γὰρ
701 673 811 759 ἆμέλει
827 673 1089 765 θαρραλεώτεροι
1103 677 1180 767 πρὸς
1196 679 1271 758 τεός
1286 680 1377 745 ὑπεί-

291 795 411 853 κοντος,
423 772 478 838 καί
490 776 697 863 ὑπερφρονεῖν
715 778 890 859 εἰθισμένοι
906 775 941 843 τὸ
953 781 1142 863 θεραπεῦον.
1150 777 1260 863 ἔχουσι
1274 781 1308 844 δέ
1322 776 1380 846 καί

290 872 423 954 βασιλέα
440 870 769 959 πανουργότατον,καί
783 884 852 952 ταῖς
863 881 1052 959 μεταβολαῖς
1069 878 1132 940 ταῖν
1148 870 1200 941 sisi
1209 874 1397 964 napdvrosvii

289 964 447 1052 ἡδόμενον·
479 964 553 1033 ὅθεν
572 968 611 1057 δή
634 972 688 1037 καί
707 970 747 1037 τό
773 975 828 1057 τῆς
848 972 1035 1061 μιαιφονίας
1058 969 1179 1059 α’θρόσν
1203 974 1377 1059 διήνυσται,

288 1068 423 1147 τοῦμὲν
443 1068 605 1153 ἐμβριθοῦς
633 1072 916 1158 ἐγκελευσαμένου,
948 1074 1010 1136 τοῖν
1039 1072 1073 1137 δὲ
1095 1070 1270 1159 προθύμως
1294 1072 1378 1155 όπη-

293 1163 505 1249 ρετησόντισν.
535 1169 589 1233 καί
611 1168 842 1257 πεπορθήμεθα
860 1174 1032 1255 μονονουχὶ
1049 1168 1127 1254 πρὸς
1153 1163 1287 1273 αὐτῶν,θ
1304 1161 1378 1233 οότε

268 1257 489 1346 Βόδικήματος
518 1256 685 1352 ἔρξαντες,
723 1261 797 1335 ories
821 1268 907 1345 τινός
934 1266 1050 1353 ἔχθους
1081 1265 1278 1353 συμβάντος,
1310 1267 1380 1331 ἀλλ’

292 1360 404 1437 ὁποίοις
427 1360 580 1451 πρότερον
603 1364 725 1449 εἴχοντο
748 1367 937 1452 συνηθείας,
970 1370 1025 1452 τής
1044 1366 1146 1451 αὕτής
1166 1364 1299 1449 ἔχεσθαι
1323 1368 1422 1431 'do-so

292 1462 432 1542 κοῦντες,
461 1460 657 1549 πεπράγασιν
683 1460 768 1547 ὅμως
797 1464 836 1531 τό
876 1464 1001 1533 πάντων
1025 1461 1221 1533 ἀνοσιώτατα
1228 1517 1240 1551 ,
1273 1459 1376 1549 ὥσπερ

292 1556 443 1647 αδθιορόν
464 1554 713 1647 ἀναπλησθέντες
730 1562 891 1649 ὠμότητος
908 1566 963 1629 καί
982 1565 1099 1647 μανίας
1118 1562 1173 1629 καί
1186 1563 1300 1645 μίσους
1320 1561 1377 1627 κατ’

288 1655 411 1721 πάντων
441 1655 520 1739 όμοῧ
539 1664 602 1725 τῶν
630 1665 769 1727 τοιῶνδε.
799 1663 873 1727 ἀλλ’
896 1659 934 1727 osi
953 1662 992 1727 τὰ
1010 1666 1150 1749 Περσῶν
1172 1654 1237 1749 ήθη
1261 1662 1377 1741 τοιάδε,

291 1758 409 1820 πολλοῦ
432 1780 468 1840 γε
491 1760 546 1824 καί
565 1761 623 1823 δεῖ.
652 1748 766 1847 φιλους
785 1784 819 1825 τε
839 1758 899 1848 γόρ
918 1758 972 1838 οὒς
996 1756 1035 1827 όν
1051 1762 1186 1848 ε’ξαρχής
1207 1761 1371 1845 κτήσαιντο

290 1852 478 1935 βεβαιότατα
505 1861 646 1942 στέργειν
665 1864 859 1945 πειρῶνται,
888 1863 943 1927 κοί
957 1858 1015 1947 τήν
1036 1854 1132 1945 όργήν
1147 1856 1224 1947 πρὸς
1239 1857 1274 1923 τὸ
1290 1853 1419 1929 ἇντί-ι5

291 1958 392 2017 nator
422 1956 626 2043 διατηροῦσιν
650 1954 716 2023 ἔστ’
732 1954 771 2024 δν
798 1959 967 2025 ἀντίπαλον
984 1955 1015 2047 ᾖ.
1047 1956 1229 2045 ἠβουλόμην
1245 1960 1305 2040 μὲν
1321 1951 1379 2022 οὖν

293 2052 334 2136 τῇ
354 2054 498 2139 Κολχικῇ
519 2054 659 2144 πολιτείᾳ
682 2054 740 2141 τήν
762 2057 899 2123 παλαιὰν
919 2057 1053 2141 δύναμιν
1069 2060 1315 2145 προσγενέσθαι,
1335 2056 1380 2132 αἱς

298 2153 451 2235 μηδαμῶς
476 2147 573 2238 αὗτήν
599 2155 685 2240 ’ξένης
711 2154 797 2233 τινός
826 2156 882 2221 καί
900 2155 1054 2243 ἐπήλυδος
1073 2154 1254 2243 ἐπικουρίας
1281 2178 1379 2241 προσ-

214 2276 218 2330 ¹,
261 2256 435 2333 Βδεῖσθαι,
464 2250 531 2315 ἀλλ’
553 2246 634 2317 εἶναι
657 2263 722 2331 τοῖς
738 2258 835 2320 πᾶσιν
860 2254 892 2332 ἔς
911 2280 946 2321 τε
972 2254 1104 2338 πόλεμον
1126 2258 1182 2319 καί
1199 2256 1232 2331 ές
1250 2254 1376 2339 εἰρήνην

232 2394 234 2399 ,
291 2344 559 2435 αὖταρκεστότην.
577 2349 646 2415 ἐπεί
661 2355 706 2434 δὲ,
723 2351 784 2419 εἴτε
798 2350 914 2440 χρόνου
926 2355 1075 2443 διαφορᾷ,
1086 2350 1154 2426 ,εἴτε
1169 2349 1267 2437 τόχης
1285 2343 1438 2443 ivus-'ao-

291 2444 466 2532 τιιόμασιν,
487 2444 550 2513 εἴτε
568 2447 623 2514 καί
635 2443 846 2540 ἇμφοτέροις,
867 2453 1086 2536 ἐκβιασθέντες
1092 2503 1103 2534 ,
1124 2454 1169 2530 εἰς
1183 2446 1292 2542 Ιτοῦτο·
1303 2445 1378 2535 ήκο-

362 2609 387 2644 ο.
407 2592 578 2662 ἠρεμοῦντες
597 2593 626 2644 B.
707 2595 731 2644 3.
752 2591 981 2714 θαρραλειότρροι
998 2594 1037 2657 lt,
1058 2591 1289 2668 θαρραλεώτατοι
1305 2595 1375 2664 vulg.
1457 2584 1467 2594 ’
1544 2624 1548 2635 ·

366 2665 404 2714 15.
432 2658 506 2728 πρός
525 2657 557 2712 τό
588 2659 745 2716 δντίπαλον
770 2665 809 2726 Β.,
828 2663 858 2720 ἐς
874 2659 905 2716 τό
946 2665 1074 2734 rmuig.
1148 2668 1187 2719 16.
1209 2661 1304 2726 stult,
1323 2680 1377 2715 om.

362 2731 433 2797 vulg.
494 2723 595 2799 ήνρτο
616 2725 632 2799 ᾗ
650 2733 681 2788 R.
747 2737 971 2803 19.2aiom.1t.
1031 2752 1072 2788 ao.
1091 2732 1219 2806 διαφορᾷ
1235 2737 1275 2799 lt,
1292 2734 1377 2803 Intps.

363 2811 512 2870 temporum
531 2803 690 2866 varietate,
707 2803 866 2877 παραφορᾷ
886 2805 956 2875 vulg.

293 2926 445 2982 sttusutos
458 2944 514 2979 non
528 2927 675 2982 destituros
684 2967 693 2992 ,
712 2930 760 2984 sed
776 2934 884 3002 quietus
906 2947 957 2984 nos
973 2932 1079 2984 minore
1098 2946 1159 2984 eom
1174 2936 1249 2982 metu
1264 2929 1377 2980 maiori·

249 3041 252 3046 ,
273 3012 281 3021 ··
294 2998 345 3049 bus
361 2998 438 3049 maiis
453 3001 603 3050 effecturos.
641 3001 710 3052 Sunt
722 3005 795 3054 enirn
809 3003 1001 3070 utplurimum
1019 3002 1178 3054 ferocissimi
1192 3003 1223 3052 in
1241 2999 1375 3059 subditos,

294 3077 324 3120 et
339 3068 452 3119 clientes
467 3086 528 3120 suos
548 3069 687 3139 despectui
710 3070 811 3124 habere
835 3080 1042 3126 consueverunt.
1078 3072 1188 3124 Habent
1204 3086 1268 3122 vero
1291 3070 1377 3120 etiam
1419 3132 1423 3137 ᾖ

293 3137 381 3206 regem
410 3139 623 3190 versutissimum
642 3141 745 3213 quique
773 3145 957 3211 praesentium
977 3158 1083 3210 semper
1107 3157 1199 3193 rerum
1222 3139 1376 3190 mutatione

292 3207 453 3274 delectatur,
472 3209 545 3261 unde
564 3218 592 3261 et
610 3211 710 3262 factum
727 3221 781 3274 est,
798 3221 830 3264 ut
845 3211 914 3264 haee
934 3211 1028 3264 esedes
1046 3212 1192 3263 confestim
1211 3209 1297 3260 fuerit
1312 3224 1378 3276 per-

291 3286 412 3348 petrata,
432 3279 490 3347 ipso
509 3281 621 3350 quidem
640 3284 737 3334 acriter
755 3282 907 3346 incitante,
931 3282 1055 3333 hisvero
1075 3289 1199 3350 prompte
1216 3279 1377 3330 ministran-

290 3349 373 3400 tibus.
415 3349 450 3398 Et
475 3347 604 3403 devastati
636 3359 742 3404 tantum
767 3370 824 3404 non
851 3353 886 3402 ob
904 3353 971 3420 ipsis
998 3368 1106 3414 snmus,
1134 3367 1194 3401 enm
1227 3348 1303 3398 nulia
1329 3363 1378 3398 eos

292 3418 394 3469 iniuria
419 3421 670 3485 provocaverimus,
696 3439 731 3472 ne
752 3439 787 3473 ue
812 3422 869 3473 ulla
887 3422 1011 3475 simultas
1036 3438 1096 3472 eum
1118 3421 1159 3471 eis
1178 3418 1377 3481 intercesserit,

292 3488 341 3540 sed
368 3486 463 3538 eadem
489 3506 542 3558 qua
559 3491 672 3543 antehac
698 3441 841 3544 noiiscum
861 3490 1058 3543 consuetudine
1075 3496 1193 3549 utentes,
1211 3486 1380 3539 atrocissima
1434 3544 1438 3553 ,

293 3557 519 3629 iniquissimusque
543 3561 573 3610 in
595 3577 644 3612 nos
662 3562 875 3624 commiserunt,
900 3569 1028 3630 tanquam
1047 3567 1160 3629 repente
1178 3573 1288 3625 unoque
1307 3563 1377 3606 tem-

292 3629 367 3698 poris
385 3636 522 3680 momento
541 3631 721 3692 erudelitate,
742 3632 867 3693 insania,
893 3629 973 3693 odio,
1000 3629 1180 3699 omnibusque
1201 3628 1262 3678 aliis
1281 3625 1310 3677 id
1329 3643 1378 3694 ge-

293 3715 343 3748 nus
362 3700 439 3750 malis
463 3699 570 3767 repleti.
606 3699 641 3751 dt
663 3703 802 3754 Persarum
828 3717 884 3752 non
905 3699 1059 3752 istiusmodi
1080 3708 1143 3751 sunt
1158 3704 1260 3758 moies3
1288 3696 1379 3763 pluri-

294 3782 367 3816 mum
383 3770 505 3835 profecto
525 3769 646 3826 interest.
686 3770 761 3839 Quos
780 3771 854 3821 enim
871 3770 956 3822 semel
979 3771 1079 3824 amieos
1097 3769 1201 3821 fuerint
1217 3766 1291 3818 nacti
1301 3801 1311 3826 ,
1329 3782 1381 3816 eos

294 3837 446 3890 firmissima
463 3839 582 3891 amicitia
601 3839 744 3908 complecti
761 3848 895 3908 pergunt,
917 3841 947 3891 in
964 3838 1072 3898 hostem
1089 3855 1166 3899 vero,
1184 3834 1314 3906 quamdiu
1333 3841 1378 3886 est

295 3905 398 3967 hostis,
418 3908 538 3962 infensos
563 3909 731 3980 infestosque
750 3909 854 3960 animos
873 3916 977 3978 gerunt
1014 3909 1140 3979 Optarim
1162 3905 1289 3977 equidem
1309 3905 1380 3956 eol-

296 3975 408 4026 oirorum
433 3979 641 4047 rempublicam
659 3981 774 4048 pristine
801 3979 892 4046 vigere
909 3980 1049 4048 potentia,
1077 3979 1116 4030 ita
1144 3985 1177 4030 ut
1200 3974 1377 4028 exseruisse

295 4043 445 4116 peregrinis
462 4050 571 4100 auxiliis
589 4067 645 4104 non
662 4050 814 4120 indigeret,
828 4047 889 4102 ‚sed
906 4039 964 4118 ipsi
981 4049 1036 4101 sibi
1054 4049 1135 4101 rebus
1162 4044 1289 4098 omnibus
1307 4060 1380 4112 paee

298 4115 428 4184 belloque
443 4117 590 4172 sufficeret.
626 4119 694 4172 Cum
714 4137 777 4174 vero
796 4119 852 4172 sive
867 4121 997 4188 temporis
1010 4119 1156 4178 varietate,
1174 4117 1231 4170 sive
1250 4114 1380 4167 fortunae

299 4183 524 4248 adversitatibus,
552 4189 607 4240 sive
628 4191 709 4242 etiam
731 4198 848 4260 utroque
867 4190 1018 4257 oompulsi,
1043 4205 1077 4240 eo
1093 4186 1273 4256 impotentiae
1292 4198 1383 4234 vene-

296 4258 390 4320 rimus,
408 4263 439 4310 ot
455 4255 516 4308 aliis
536 4255 640 4310 subditi
663 4261 746 4312 simus
755 4295 766 4323 ,
784 4258 1013 4315 munitissimum
1024 4255 1156 4314 duxerim
1179 4255 1239 4310 iliis
1255 4251 1383 4315 abesse»
