3109 4950
482 353 518 413 B.
540 347 731 416 vumnuu
751 350 954 416 armona.
1138 355 1253 417 «ΧΠΙΙ

174 505 313 570 venturi
361 505 571 588 Quantopere
592 523 671 566 vero
698 523 752 566 eos
776 501 1002 566 contaminarit
1019 510 1115 587 etque
1130 506 1255 590 poliue-

174 603 218 667 rit
233 623 336 668 crassa
352 603 587 666 nonnullorum
602 601 813 686 interpretum
830 603 970 683 inscitia,
988 620 1084 666 nemo
1096 613 1145 668 cst
1157 605 1254 669 etiam

112 701 113 704 ’
171 701 256 762 inira
274 701 525 764 mediocritatem
543 701 656 764 doctus
678 700 735 786 qui
756 703 899 774 nesciat;
927 700 1078 787 sensique
1095 703 1164 788 ipss
1178 725 1254 766 cum

173 799 208 860 in
233 799 305 862 aliis
323 801 432 864 multis
454 799 663 878 authoribus,
700 809 769 862 tum
788 821 867 863 vcro
889 800 1063 886 praecipue
1084 801 1118 862 in
1136 801 1254 886 cyrini

172 899 388 968 Alexandrini
410 899 601 978 Thesauro,
630 907 663 962 et
681 897 803 962 divinis
820 897 885 961 iliis
905 899 946 963 de
969 899 1127 963 Trinitate
1146 899 1251 974 tibris,

173 1002 208 1064 in
233 999 349 1083 quihus
376 998 460 1060 nihil
483 999 552 1061 iere
581 1017 720 1080 agnosco
741 997 856 1082 Cyrilli
880 1009 1007 1084 praeter
1023 999 1147 1065 nudum
1164 997 1253 1062 illius

173 1122 304 1165 nomen.
357 1099 450 1161 Hanc
466 1098 573 1180 itaque
592 1098 760 1182 Spartam,
788 1105 825 1159 ut
841 1097 885 1159 ita
903 1098 1027 1176 dicam,
1050 1097 1252 1183 linguarium,

173 1201 236 1264 boc
259 1207 308 1262 est
330 1197 564 1282 interpretandi
578 1199 718 1260 Graecos
742 1195 890 1260 authores
913 1207 946 1260 et
965 1198 999 1258 in
1018 1199 1163 1260 teatinam
1187 1197 1253 1260 tin·

171 1320 267 1382 guam
287 1295 497 1360 convertendi
514 1295 690 1370 rationem,
716 1295 821 1359 veluti
838 1295 934 1379 genio
952 1307 1147 1380 naturasque
1163 1315 1253 1361 meae

171 1394 471 1459 convenientiorem
492 1395 592 1457 semel
612 1394 787 1477 ampiexus,
810 1393 885 1456 dedi
906 1412 1035 1478 operam
1047 1395 1201 1459 hactenus
1217 1405 1254 1458 ut

171 1512 233 1578 pro
249 1493 338 1556 virili
350 1512 510 1566 ornerem5
533 1493 707 1576 etquidem
725 1513 792 1554 non
807 1512 909 1576 pauca
923 1502 1068 1556 veterum
1083 1493 1254 1580 authorum

172 1591 381 1674 Theologica,
401 1590 640 1675 Philosophica,
660 1591 818 1654 Histoi-ica
831 1591 1025 1676 poeticaque
1045 1591 1163 1678 scripta
1182 1612 1254 1678 par·

168 1691 228 1754 tim
243 1699 336 1754 antea
353 1711 418 1752 non
443 1691 530 1756 edita
545 1692 659 1754 Latine
675 1691 780 1769 verti,
801 1692 916 1776 partim
932 1692 1016 1755 edita
1031 1692 1176 1776 quidem,
1196 1689 1254 1755 sed

169 1789 214 1852 ita
242 1797 279 1850 ut
304 1782 485 1862 ἄνειδότοις
508 1789 668 1870 &rumpam
692 1789 807 1852 merito
832 1789 957 1854 censeri
984 1801 1130 1876 poscent,
1169 1811 1255 1853 nora

173 1887 440 1971 interpretatione
458 1888 576 1950 donavi
585 1936 596 1968 ,
628 1901 697 1950 non
714 1889 831 1970 exigno
851 1889 899 1949 uti
918 1909 1013 1973 spero
1030 1891 1080 1952 rei
1094 1889 1255 1952 literaria·

172 1987 273 2055 bono.
295 1987 435 2050 Tametsi
455 2009 494 2050 ex
516 1986 556 2050 iis
575 1987 753 2072 quaedam,
775 1988 966 2073 nescioquo
985 1987 1071 2049 malo
1087 1988 1173 2066 into,
1191 2007 1256 2048 ιιιι-

171 2108 237 2170 gno
253 2095 340 2149 certe
356 2107 428 2148 mco
445 2086 664 2166 cumdolore,
687 2105 794 2170 neque
811 2087 937 2150 minore
957 2107 1032 2150 cum
1050 2086 1256 2150 incommodo

170 2184 323 2271 publico,
354 2207 541 2269 summoque
561 2186 737 2250 multorum
755 2185 1011 2250 doctissimorum
1031 2186 1173 2249 virorum
1194 2185 1257 2248 de·

172 2283 304 2360 siderio,
325 2291 409 2345 totos
428 2286 491 2346 inm
511 2283 696 2368 quindecim
715 2303 816 2348 annos
829 2286 913 2368 apud
932 2283 1182 2369 Typographum
1199 2284 1255 2347 cui
1363 2290 1367 2303 “

172 2403 209 2444 ea
232 2383 423 2445 excudenda
447 2384 597 2446 dederam
613 2373 755 2446 haerent.
803 2385 898 2446 Nunc
923 2405 1001 2446 vero
1016 2384 1183 2468 Agathiam
1203 2384 1256 2444 aa·

173 2482 327 2545 storicum
343 2482 499 2567 optimum
519 2483 575 2567 qni
593 2483 762 2547 iustiniani
784 2484 985 2569 imperatoris
1004 2504 1055 2546 res
1074 2490 1258 2567 gestaspoet

174 2582 370 2666 Procopium
392 2584 630 2645 Caesariensem
652 2593 700 2646 est
723 2594 953 2667 persequutus,
981 2586 1103 2646 Graece
1120 2582 1257 2646 antehae

174 2702 342 2765 nunquam
360 2680 443 2765 typis
459 2682 591 2760 editum,
611 2683 645 2741 in
659 2682 765 2745 lucem
784 2683 911 2765 emitt03
924 2682 1102 2765 Agathiam,
1112 2676 1257 2765 inquam,

174 2782 282 2845 virum
303 2802 377 2844 suae
401 2781 509 2843 aetatis
528 2781 762 2861 doctissimum,
791 2784 912 2866 quique
936 2801 1019 2843 unus
1039 2781 1130 2843 iiiam
1146 2776 1258 2861 διζυγα

175 2876 313 2961 cesurae,
331 2879 396 2941 hoc
408 2892 455 2942 est
467 2881 619 2944 Poe'ticen
634 2902 708 2943 cum
719 2881 878 2960 Oretana,
892 2880 936 2941 ita
954 2880 1135 2959 coniunxit,
1148 2890 1186 2943 ut
1200 2880 1260 2941 du·

175 2977 266 3040 bium
283 2978 325 3041 sit
344 2978 377 3039 in
392 2988 464 3039 utra
482 2981 579 3063 magis
594 2977 799 3051 excelluerit;
817 2980 851 3039 in
863 2988 1002 3063 utraque
1018 2988 1105 3041 certo
1118 3000 1184 3041 non
1194 2978 1258 3041 du·

175 3077 259 3139 biam
278 3077 319 3139 de
340 3076 489 3140 omuibus
507 3078 557 3140 sui
574 3078 643 3142 aevi
662 3078 870 3161 scriptorssius
890 3078 1058 3140 victoriam
1074 3074 1258 3161 reportarit

177 3174 312 3245 Ecuius
337 3176 479 3239 editione
490 3177 663 3260 plurimum
679 3187 712 3239 et
731 3178 890 3242 Historias
913 3184 946 3238 et
962 3180 1104 3238 Graecae
1126 3175 1257 3257 linguae

176 3274 370 3338 incrementi
387 3276 632 3359 ornamentique
646 3286 693 3337 cst
711 3297 922 3341 accessurum.
944 3278 1053 3353 Quum
1067 3273 1154 3336 enim
1172 3274 1258 3337 varia

177 3374 427 3458 gravissimaque
446 3374 532 3437 bella
551 3374 704 3439 adversus
724 3374 986 3459 populosissimas
1009 3374 1258 3456 potentissimus·

176 3496 239 3555 que
259 3474 416 3552 nationes,
424 3476 566 3537 Francos
579 3474 718 3553 scilicet,
728 3474 875 3552 Gonnos,
882 3473 1056 3551 Vandalus,
1066 3474 1211 3548 Hunnos,
1223 3480 1258 3533 et

176 3573 287 3635 Persas
300 3582 387 3657 gesta
397 3572 572 3643 describam
595 3584 662 3635 tum
674 3594 750 3643 vero
764 3573 928 3636 decorum
942 3573 1086 3642 moribus
1099 3581 1195 3653 atque
1210 3572 1259 3631 in-

176 3669 314 3750 stitutis,
346 3692 383 3733 ac
405 3672 577 3756 praecipue
599 3673 638 3735 de
659 3673 863 3735 Persicorum
879 3692 989 3755 regum
1012 3668 1200 3755 genealogia
1221 3692 1259 3734 ae

176 3768 302 3851 politia,
321 3770 422 3831 multa
437 3772 755 3837 commemoratscitu
774 3772 959 3855 dignissima
978 3790 1061 3853 qnae
1075 3768 1159 3851 apud
1177 3766 1258 3834 aiios

176 3870 346 3953 scriptores
370 3872 759 3955 nusquam'rcperiantur.
810 3872 909 3934 Stilus
929 3872 996 3955 ipse
1014 3868 1110 3951 piene
1133 3875 1183 3932 eet
1200 3866 1258 3929 flo-

179 3966 270 4030 ridus
296 3976 392 4050 atque
415 3990 588 4049 amoenus,
609 3971 719 4031 multis
738 3972 970 4033 sententiarum
987 3967 1160 4029 inminibus
1184 3966 1259 4028 illu·

177 4076 303 4134 stratus.
348 4054 465 4131 Verbis
492 4092 565 4131 vero
585 4068 685 4131 utitur
706 4067 940 4145 relectissimis,
973 4077 1006 4129 et
1031 4070 1219 4149 frequenter
1240 4083 1259 4125 ιι

180 4166 344 4228 communi
365 4191 426 4229 usu
448 4191 483 4231 ac
497 4166 731 4251 significatione
748 4168 877 4229 remotis
884 4192 893 4238 ;
915 4167 996 4229 adeo
1008 4176 1043 4228 ut
1056 4166 1170 4229 Suidae
1186 4163 1259 4225 dili·

179 4284 258 4353 μοι
277 4266 520 4359 glossographus
546 4266 738 4359 potissimam
760 4266 870 4336 Lexici
888 4267 937 4333 sui
959 4275 1080 4351 partem
1101 4285 1141 4328 ex
1161 4261 1259 4323 huius
