3109 4950
442 313 728 451 uisuoamriuu
757 351 811 451 iv.
830 358 862 426 9.
1144 354 1228 439 ,οη

140 502 329 591 συμμαχῶν
344 501 462 579 otuu,
483 493 727 575 ἀποδεικνύντος
745 498 801 563 καί
814 497 850 564 ro*
865 491 994 585 εὔλογον
1006 503 1062 588 τῆς
1076 502 1234 586 αἰτήσεως
1242 507 1272 561 Δ.
1281 506 1309 559 (Ξ.
1320 508 1370 561 555

140 610 197 671 καί
224 602 329 669 τοίνυν
359 598 549 682 ιῖντεβόλουν
581 597 636 661 καί
659 598 873 665 α’πεδείκνυον.
904 598 993 683 ὅδὲ,
1022 602 1163 687 καθάπερ
1189 598 1233 678 ῶς
1245 579 1339 647 1'1'29

140 698 269 789 α’ληθῶς
294 696 445 783 βασιλεύς
465 721 513 773 τις
539 691 621 761 εἶναι
646 696 883 779 πεπιστευκώς,
918 699 974 764 καί
991 698 1036 776 ῶς
1053 696 1123 779 έξὸν
1146 693 1263 787 αὖτῶΒ

143 806 213 867 κατ’
226 798 374 879 ἐξουσίαν
391 799 502 881 βιοῦν,
535 793 807 883 συστρατεύεσθαι
830 800 890 878 μὲν
909 798 988 881 ἡμῖν
1003 796 1058 863 έπί
1077 794 1113 863 τὸ
1134 796 1235 884 φρού-

123 904 212 989 5ριαν
237 894 312 963 οὐδὲ
330 898 428 983 μέχρι
451 895 511 959 τοῦ
539 903 684 991 παρεῖναι
706 898 782 979 γοῦν
803 892 897 977 μόνον
917 898 1069 982 ἠνείχετο.
1104 890 1143 960 οὗ
1169 893 1235 981 μὴν

146 994 222 1065 οὐδὲ
242 998 375 1082 σκήψεις
390 992 495 1081 τινιλς,
519 996 549 1059 εί
567 989 622 1059 καί
646 994 795 1080 ἀπρεπεῖς
802 1046 812 1075 ,
842 990 911 1059 ἄλλ’
924 999 957 1073 ἐς
972 994 1182 1082 προκάλυμμα
1199 1019 1234 1078 γε

145 1094 231 1183 ὅμως
252 1098 306 1183 τῆς
328 1089 533 1181 ἆπορρἡσεως
548 1090 753 1179 εὐπρόσωπον
769 1095 961 1179 ἐμηχανᾶτο·
984 1090 1184 1177 ἀπεπέμπετο
1198 1095 1235 1157 δὲ

144 1195 234 1281 μα’λα
270 1196 390 1275 σεμνῶς
422 1191 477 1256 καί
505 1190 720 1277 σοβαρώτερον
748 1184 769 1277 ἢ
801 1189 881 1257 nard
906 1191 1070 1275 μισθωτὸν
1101 1188 1235 1276 ὖπήκοον

145 1294 203 1381 τὴν
227 1290 364 1370 ἀξίωσιν.
404 1290 458 1357 καί
477 1288 553 1378 πρός
576 1316 611 1375 γε
637 1294 774 1372 νεμεσῶν
798 1295 929 1356 διετέλει
955 1301 1020 1368 τοῖς
1044 1299 1235 1377 στρατηγοῖς,

105 1394 202 1461 rosal
221 1392 383 1473 δυσμενῶς
395 1393 454 1471 μὲν
470 1392 515 1465 είς
528 1388 646 1466 αδτοδς
659 1390 855 1475 δφυβριζων,
877 1386 981 1477 ῶσπερ
995 1385 1128 1473 ἇνδρίαν
1142 1390 1236 1454 τοῦτο

145 1490 335 1579 ἡγούμενος,
364 1488 418 1554 καί
440 1493 606 1573 βασιλεῦσι
627 1492 753 1575 πρέπον
776 1484 875 1575 ἧγάρ
901 1487 938 1554 τὸ
959 1487 1136 1577 διαῤῥηδην
1152 1487 1233 1579 ὑπὲρ

145 1594 210 1655 τῶν
222 1582 282 1674 ἤδη
293 1592 548 1673 μεμελετημένον
572 1588 833 1673 α’ναισχυντῆααι.
851 1583 920 1662 εἶτα
938 1590 1116 1669 διαμέλλειν
1135 1589 1234 1673 έχρῆν

146 1694 202 1754 καί
225 1688 370 1769 μείζονας
384 1683 551 1769 ῶναμένειν
564 1690 713 1771 ἐλέγχους
728 1690 784 1752 καί
799 1684 835 1751 τδ
846 1678 1006 1773 βασιλειαν
1020 1684 1153 1773 γράμμα
1171 1690 1236 1749 δει-

146 1786 265 1869 κνύειν,
287 1790 340 1873 ἐφ’
360 1778 476 1877 ηλκατὰ
494 1784 529 1851 vd
548 1788 724 1867 Βυζάντιον
745 1780 995 1872 ἀφικέσθαιτὸν
1015 1789 1098 1873 μηδὲ
1119 1788 1174 1871 τῆς
1189 1786 1264 1853 αι’-(Ξ

106 1886 233 1963 ιὸκείας
249 1884 358 1971 χώρας
374 1882 460 1961 ἐντὸς
479 1885 633 1971 βραχεῖάν
653 1908 723 1949 τινα
748 1884 896 1949 διανύσαι
916 1884 1048 1971 πορείαν
1072 1880 1236 1966 ἓλόμενονς
1316 1934 1322 1942 ‚

145 1983 201 2049 καί
213 1986 279 2059 πῶς
295 1978 360 2048 οἷόν
377 2008 411 2046 τε
422 1975 471 2068 ἦν,
488 1982 549 2067 εἴγε
573 1986 711 2047 στέλλειν
725 1976 827 2047 αδτὸν
841 1978 925 2047 οὕτω
941 1983 1144 2067 χαλεπαίνειν
1161 1985 1235 2047 καθ’

145 2084 236 2169 ἡμῶν
251 2084 446 2168 προηγμένον
464 2083 732 2167 ἐπειηδεύσαμεν,
753 2080 797 2166 μὴ
812 2080 888 2167 οὐχί
903 2080 1048 2170 ταραχάς
1068 2106 1102 2146 τε
1114 2084 1235 2167 μυρίοις

146 2179 202 2245 καί
221 2180 338 2269 φόνους
364 2178 498 2257 πολλοδς
516 2182 694 2267 ἐμφυλίους
717 2179 772 2245 καί
791 2177 1015 2267 μεταχῶρησιν
1031 2181 1160 2265 ἐμφανῆ
1180 2178 1238 2244 καί

217 2322 243 2373 3.
260 2317 368 2381 ἒξῆνλλ.
439 2316 465 2367 6.
481 2313 630 2387 sistet),
649 2308 666 2379 ἢ
684 2315 754 2384 vulg.
784 2315 825 2371 ste
834 2317 863 2368 R.
874 2314 945 2385 vulg.
1003 2330 1028 2383 η.
1047 2312 1234 2385 ἀπεπέμπετο

216 2390 266 2450 Β.,
292 2384 508 2456 ιίπεξεπέμπετο
526 2388 598 2455 vulg.
705 2387 729 2437 8.
748 2386 832 2454 lntpr.
851 2383 911 2435 odd.
941 2389 1004 2435 ante
1031 2383 1164 2447 ὑπήκοον
1189 2396 1235 2438 at-

152 2515 153 2521 *
216 2477 278 2533 ραι.
363 2476 389 2528 9.
409 2463 469 2514 τοῖς
490 2450 719 2530 στρατηγοῖς-ἧ
735 2451 793 2527 γὰρ
811 2456 906 2507 omli.
983 2470 1021 2507 rr.
1040 2454 1127 2506 Locus
1145 2455 1235 2524 impe-

217 2529 385 2591 ditissimus,
413 2527 447 2578 sd
465 2545 546 2598 quern
564 2523 715 2580 ταπεινῶσαι
737 2542 828 2596 neque
847 2524 920 2576 liber
936 2523 1158 2594 llehdigeranus‚
1184 2541 1236 2576 ne-

218 2617 272 2672 que
299 2601 435 2668 interpres
455 2600 599 2669 quicquam
617 2599 677 2666 opis
694 2596 933 2664 affersrntt.paulo
950 2595 1048 2646 melius
1066 2594 1239 2665 procederet,

218 2673 242 2722 si
255 2668 310 2740 μὲν
326 2678 389 2736 post
408 2666 554 2738 δυσμενῶς
571 2668 718 2723 deleretur.
754 2661 769 2732 ἦ
789 2656 846 2735 γὰρ
863 2662 897 2717 rt
915 2667 1035 2733 positum
1053 2683 1111 2718 esse
1128 2666 1238 2718 videtur

217 2757 269 2810 pro
290 2733 304 2802 ἦ
322 2729 380 2807 γὰρ
398 2737 481 2790 τοῦτο
501 2732 543 2802 ἦν.
588 2757 626 2792 ια.
635 2739 870 2810 μεμελετημένον
877 2739 904 2787 u.
915 2735 999 2805 Lugd.
1018 2753 1040 2792 ι.
1051 2753 1085 2788 m.
1104 2745 1133 2790 et
1150 2738 1237 2805 Iutpr.

219 2807 453 2880 prasmsditatue,
480 2809 761 2880 πεπλημμελημένων
776 2807 838 2860 edd
857 2822 891 2858 ex
912 2809 986 2860 coni.
1005 2807 1083 2860 Vulc.
1146 2806 1239 2878 ’ἐχρῆν

221 2882 267 2943 tt,
282 2881 357 2950 χρῆν
370 2881 441 2950 vulg.
515 2898 553 2950 ιη.
567 2880 757 2950 προηγμένων
771 2877 831 2945 sph.
846 2878 902 2929 Par.
969 2878 1009 2930 18.
1018 2879 1128 2938 πόνους
1139 2881 1168 2935 lt.

150 3007 212 3053 crat
238 3000 294 3052 dux
320 3004 455 3067 nationis,
474 3011 502 3056 st
520 3004 653 3059 auxilium
674 3003 709 3056 ab
738 3019 770 3056 co
791 3001 973 3072 poscendum,
1007 3001 1146 3072 acquitate
1166 2994 1239 3065 petl-

150 3071 236 3124 tionis
257 3073 282 3122 ci
305 3072 494 3126 demonstrata.
532 3077 669 3146 Rogarunt
693 3075 787 3144 itaque
804 3082 833 3124 et
854 3071 1083 3124 demonstrarunt.
1119 3068 1170 3118 Ille
1191 3081 1240 3116 ve-

152 3161 200 3205 ro,
225 3141 311 3194 veluti
335 3162 423 3214 regem
443 3145 578 3215 quendam
599 3162 627 3196 se
652 3161 744 3196 revera
765 3159 824 3194 esse
847 3142 901 3193 sibi
924 3139 1112 3210 persuadens,
1138 3145 1166 3188 et
1187 3151 1239 3204 pe-

151 3211 230 3263 r'inde
249 3215 320 3266 acsi
346 3216 398 3284 ipsi
419 3216 528 3267 licitum
548 3225 619 3266 esset
642 3232 691 3284 pro
715 3231 767 3265 suo
793 3211 924 3264 arbitratu
948 3211 1061 3271 vivere,
1085 3223 1120 3258 ne
1145 3203 1239 3256 adeste

153 3282 264 3350 quidem
291 3285 387 3348 nobis,
415 3287 517 3341 nedum
540 3285 667 3338 adversus
690 3282 888 3354 propugnaculi
909 3281 984 3330 illius
1012 3278 1240 3349 expugnatifflem

153 3353 241 3421 copias
264 3371 323 3406 siras
349 3357 512 3426 coniungere
535 3355 630 3407 voluit.
668 3354 721 3406 Sed
742 3369 833 3424 neque
856 3352 1045 3402 excusationes
1063 3345 1175 3418 quidem
1192 3344 1239 3394 ul-

108 3473 110 3478 ,
150 3423 210 3485 las,
235 3427 347 3476 etiamsi
365 3443 462 3494 parum
485 3425 597 3478 idoneas
624 3442 654 3476 ao
680 3423 813 3485 decoras,
838 3423 991 3491 speciosum
1008 3429 1101 3472 tamen
1121 3416 1240 3486 aliquem

109 3511 117 3528 ·
150 3495 329 3545 recusationis
357 3514 420 3548 suae
443 3505 615 3566 praetextum
636 3493 786 3555 habentes,
814 3491 1089 3555 comminiscebatur3
1115 3486 1163 3538 sed
1187 3501 1239 3552 po-

150 3564 206 3615 tins
235 3564 350 3630 graviter
380 3567 580 3638 fastuosiusque
611 3584 692 3636 quam
727 3563 923 3632 mercenarium
955 3561 1094 3614 subditum
1127 3555 1241 3608 decebat

148 3633 289 3704 postulata
316 3635 466 3688 reiiciebat.
503 3637 613 3689 Adhaec
637 3637 666 3688 iu
690 3653 738 3687 suo
764 3632 891 3686 adversus
911 3633 1063 3704 praefectos
1091 3626 1155 3679 odio
1177 3641 1241 3694 per-

151 3705 266 3761 sistens,
285 3699 422 3755 hostiliter
440 3707 468 3756 in
487 3708 560 3774 ipsos
580 3713 639 3758 erat
657 3706 891 3769 contumeliosus;
922 3700 1115 3755 fortitudinem
1133 3694 1161 3746 id
1181 3711 1239 3746 esse

151 3787 285 3842 regesque
309 3771 426 3837 decere,
452 3793 571 3829 censens.
613 3777 730 3828 Dicebat
760 3777 832 3827 enim
856 3781 958 3843 aperte,
976 3789 1022 3822 eos
1046 3773 1075 3820 in
1103 3769 1152 3829 iis,
1170 3783 1239 3834 quac

153 3846 207 3893 iam
233 3850 356 3891 accurate
378 3851 491 3897 tractata
514 3854 612 3910 erant,
637 3847 812 3916 impudenter
832 3863 861 3896 se
891 3844 1011 3912 gessisse.
1057 3840 1156 3889 Eratsse
1181 3844 1239 3886 lum

154 3913 258 3964 diutius
279 3911 474 3975 cunctandum,
492 3925 539 3966 aut
559 3919 672 3968 maiores
692 3917 868 3985 probationes
885 3908 1097 3981 exspectandae,
1121 3914 1168 3957 ant
1185 3907 1240 3956 lm-

152 3984 304 4053 perutoriae
320 3983 427 4034 litterae
442 3986 635 4048 ostendendae,
652 3987 750 4054 quibus
767 3985 946 4036 mandabatur
960 3989 992 4032 ut
1000 3980 1154 4046 Byzantium
1175 3979 1238 4034 iret,
1321 4038 1327 4050 ι

155 4071 217 4104 cum
243 4071 277 4126 ne
297 4051 340 4104 'ad
370 4053 559 4105 brevissimum
588 4055 698 4126 quidem
720 4053 773 4106 it'er
802 4058 873 4105 intra
897 4061 1017 4106 nostram
1044 4049 1182 4120 regionem
1210 4063 1239 4099 se

155 4125 293 4192 accingere
314 4125 423 4176 vellet?
460 4125 493 4175 Et
514 4142 568 4194 quo
590 4133 668 4192 pacto
693 4124 752 4176 fieri
771 4132 896 4192 poterat,
922 4123 944 4174 si
967 4122 1045 4173 illum
1061 4135 1151 4190 ¹usquc
1170 4115 1255 4183 adeo!

155 4191 235 4242 nobis
251 4195 387 4246 infensum
405 4197 566 4264 Byzantium
585 4195 693 4246 mittere
713 4196 828 4264 aggressi
851 4195 1008 4254 fuissemus,
1034 4193 1103 4262 quin
1118 4185 1238 4240 infinit&

156 4259 248 4314 turbas
267 4267 421 4338 multasque
444 4265 541 4320 caedes
557 4265 701 4318 intestinas
721 4265 949 4327 concinnemus,
971 4262 1138 4334 quinetiam
1161 4267 1240 4322 aper·
