3109 4950
297 299 352 382 26
465 379 473 396 ,
723 319 934 403 latratas

156 495 186 548 Α.
197 495 224 548 c.
234 474 402 560 ὅςημίους,
423 474 480 544 καί
489 471 526 548 ου’
540 479 764 565 διαμαρτητέον
777 478 837 542 rori
850 472 1003 562 παρόντος
1022 477 1135 562 καιροό
1142 525 1153 558 ,
1175 474 1365 565 ,δλλόστρόι

199 567 400 657 Mauo}
414 601 448 641 τε
472 581 610 644 στέλλειν
635 581 684 644 ἐπ’
704 571 825 652 oadrada
848 574 1039 658 ἀξιόμαχον,
1068 572 1124 638 καί
1140 575 1311 661 στρατηγόν
1332 581 1369 657 ἐξ

295 675 386 757 ὑμῶν
407 676 514 742 αὐτῶν
531 673 649 760 ἆγοιθδν
673 672 712 740 τοὶ
727 677 878 756 πολέμια,
907 668 942 750 δς
959 669 998 757 δη
1013 672 1068 738 τὸν
1086 671 1165 758 πρὸς
1183 674 1368 756 Ῥωμαίους

291 773 427 856 πόλεμον
442 767 555 859 ἄριστα
571 773 732 853 διανύσας,
754 769 904 836 οἷπελόσει
923 795 957 836 τε
974 760 1092 847 adroic
1111 772 1236 836 ἐνθένδε
1251 771 1296 849 οός
1306 772 1364 837 τά·

290 897 397 956 χιστα,
419 875 471 936 καί
489 870 545 956 τὴν
562 872 673 957 χώραν
686 871 762 956 ἦμέν
782 865 949 935 circuduce.
970 862 1051 933 οότοο
1067 865 1127 954 γόρ
1146 873 1307 948 ποιοῦντες
1323 873 1387 960 τρῖς

192 1016 195 1034 .
292 995 326 1034 τε
337 971 367 1034 Γ
365 971 476 1056 οτθικῷ
492 973 574 1053 γένει
588 973 621 1045 ἐς
636 967 675 1034 τοὶ
688 968 825 1052 μάλιστα
838 972 1016 1053 χαριεῖσθε,
1036 970 1171 1053 σωτῆρες
1189 968 1367 1055 α’νοιφανέν-

294 1091 344 1144 τες
364 1067 420 1132 καί
434 1063 619 1151 ἀλεξίκακοι,
637 1069 720 1133 τότε
732 1066 868 1154 ὑμέτερα
887 1062 993 1131 advos
1010 1065 1044 1130 iv
1057 1068 1100 1154 τῷ
1118 1061 1261 1154 sopato
1270 1067 1366 1152 θησε.

270 1173 368 1248 Βσθε,
389 1163 451 1251 εἴγε
475 1169 574 1252 μηδὲν
597 1167 674 1250 ὑμῖν
693 1165 742 1232 ἔτι
764 1169 910 1247 πολέμιον
926 1165 961 1229 ἐκ
979 1162 1126 1250 γειτόνων
1141 1167 1265 1251 παρείη·
1288 1166 1367 1251 πρὸς

293 1269 329 1330 δέ
342 1291 377 1349 γε
396 1265 451 1330 καί
459 1265 610 1352 χρήματα
631 1262 708 1348 δμῖν
724 1262 848 1330 ἔσονται
862 1262 975 1351 μυρία,
988 1258 1026 1328 οδ
1036 1261 1132 1346 μόνον
1145 1261 1184 1329 τό
1195 1265 1366 1346 Ῥωμαίων

291 1367 500 1450 ληϊσαμὲνσις,
523 1360 602 1428 ἀλλὰ
619 1361 679 1449 γὰρ
700 1360 738 1448 δὴ
760 1362 816 1428 καί
832 1361 925 1430 osiaci
939 1367 1031 1449 ἕτερα
1047 1360 1298 1447 succiduam?
1369 1393 1407 1435 to

374 1461 410 1537 ς’.
454 1464 564 1528 Ταῦτα
580 1460 688 1548 ἐπειδη
703 1459 828 1549 ἔφασαν
848 1457 878 1525 oi
895 1448 1057 1547 πρέσβεις,
1077 1461 1290 1544 Θευδιλθαλδος
1306 1463 1367 1541 μὲν

292 1553 345 1646 (ἦν
361 1559 421 1646 γὰρ
440 1558 605 1644 μειράκιον
623 1559 749 1642 ἀγεννὲς
763 1563 819 1624 καί
835 1556 1006 1643 ἀπόλεμον,
1026 1551 1087 1643 ἤδη
1106 1581 1142 1624 τε
1160 1557 1299 1644 νοσώδης
1316 1584 1367 1623 κο-

288 1663 369 1748 μιδῇ
383 1659 588 1743 ἐγεγόνει,καί
600 1656 635 1724 τό
646 1657 736 1740 σῶμά
748 1655 778 1722 οἱ
800 1657 941 1744 πονήρως
956 1660 1110 1745 διέκειτο)
1121 1657 1238 1724 τούτων
1260 1657 1298 1743 δι’]
1310 1649 1367 1722 σόν

289 1762 376 1824 ἕκατι
389 1753 425 1822 οὗ
433 1756 519 1840 μάλα
538 1751 556 1820 δ’
569 1781 603 1842 γε
619 1759 682 1821 τῶν
696 1757 857 1843 πρέσβεων
874 1751 1006 1842 ἦνούδὲ
1022 1749 1097 1846 ᾤετο
1105 1759 1223 1843 χρῆναι
1233 1754 1367 1821 όθνείων

289 1859 378 1920 ἕνεκα
402 1858 576 1942 συμφορῶν
591 1853 724 1930 οἰκείους
742 1855 973 1940 καρπώσασθαι
992 1851 1117 1932 πόνους.
1143 1854 1309 1941 Λεόθαρις
1330 1855 1406 1926 iisd

296 1953 352 2017 καί
363 1958 556 2037 Βουτιλϊνος,
580 1954 610 2020 εἰ
629 1953 685 2018 καί
696 1949 752 2019 τόν
766 1955 900 2037 βασιλέα
919 1949 1128 2040 σφῶνῆκιστα
1150 1944 1367 2038 ἤρεσκειζᾶλί

264 2052 387 2121 Cadaei
402 2053 583 2136 ἀνεδέχοντο
607 2050 665 2138 τὴν
687 2051 880 2135 ξυμμαχίαν.
901 2049 1001 2118 rodaco
1023 2054 1059 2118 di
1085 2050 1131 2116 τιό
1152 2043 1249 2136 οἷνδρε
1270 2045 1368 2135 ἤστην

287 2153 349 2232 μὲν
366 2146 506 2237 ἀδελφώ,
528 2154 583 2217 καί
596 2149 631 2216 τό
648 2153 736 2236 γένος
749 2149 922 2234 ’Λλαμανοό
931 2202 941 2232 ,
963 2149 1096 2234 δύναμιν
1111 2153 1146 2216 δὲ
1162 2147 1247 2235 παρὰ
1261 2151 1370 2236 Φραγ-

287 2273 355 2337 γοις
380 2253 529 2335 μεγιστην
547 2253 685 2335 εἰχέτην,
705 2251 748 2330 pie
762 2255 818 2316 καί
831 2253 887 2316 τοῦ
902 2250 1056 2339 σφετέρου
1078 2246 1191 2325 ἔθνους
1210 2245 1368 2332 ἡγεῖσθαι,

291 2350 499 2436 Θευδιβέρτου
522 2347 672 2437 πρότερον
684 2347 908 2436 παρασχόντος.
929 2349 1006 2416 sicii
1024 2344 1208 2430 Ἀλαμανοί,
1228 2345 1290 2432 εἴγε
1303 2348 1409 2434 χρὴιο

355 2500 384 2558 5.
402 2500 488 2572 ἡμῶν·
498 2502 559 2553 Bar.
627 2503 652 2553 6.
668 2502 818 2569 χαριεῖσθε
835 2506 864 2553 el
876 2518 901 2554 r.
915 2518 938 2557 s.
952 2499 1079 2566 θήσεσθε
1093 2501 1123 2557 ll.
1137 2502 1199 2553 Bar.
1214 2498 1299 2571 bugd
1310 2518 1367 2554 rar.

355 2572 419 2642 (cl.)
440 2573 536 2639 Intpr.,
553 2576 721 2639 χαριεῖσθαι
744 2579 773 2624 st
790 2569 935 2636 θήσεσθαι
950 2573 1021 2641 vulg.
1093 2574 1117 2625 8.
1136 2570 1206 2641 ιῖμῖν
1220 2575 1259 2633 R,
1276 2572 1325 2624 sed
1337 2572 1368 2623 in

355 2656 407 2709 mg.
427 2641 503 2711 ὑμῖν.
559 2643 601 2693 ἔτι
617 2641 694 2693 abest
708 2642 738 2693 iu
748 2645 779 2692 R.
829 2631 904 2712 πρός
918 2639 952 2708 δη’
966 2656 1000 2711 γε
1013 2644 1075 2695 liar.
1128 2660 1167 2695 ιο.
1184 2642 1369 2712 λη’ίσαμένοις

290 2762 293 2766 ,
356 2712 386 2763 R.
402 2708 559 2778 Baubugd.
573 2728 596 2763 a.
613 2712 912 2782 m.,l›1t'opsvosarulg.
971 2709 1069 2770 αὐτοῖς
1084 2712 1146 2765 Bar.
1211 2730 1249 2766 ιι.
1267 2706 1365 2776 ἐπειδὴ

307 2842 309 2849 y
357 2778 478 2842 1ι.,επει“
490 2782 560 2849 vulg.
635 2780 992 2837 lausdunense.
1061 2780 1171 2835 τούτων
1191 2783 1220 2833 R.
1244 2790 1273 2834 et
1295 2784 1367 2843 liar„

357 2849 445 2918 τούτῳ
470 2851 538 2919 vulg.
611 2852 649 2904 15.
669 2851 717 2905 Pro
734 2850 850 2907 πίνους’
860 2852 922 2910 liar.
937 2853 1087 2923 πολέμους.
1162 2855 1201 2909 ιθ
1218 2847 1367 2907 Ἀλαιιανιό

289 2984 292 2995 Ι
357 2920 387 2971 R.
409 2918 528 2989 Lugdu.
544 2920 692 2990 m.lntpr.,
727 2911 835 2975 Ἅλυνιό
853 2921 923 2991 τοὶς.
975 2941 1017 2979 ac.
1033 2920 1197 2995 Θευδιβέρης
1216 2923 1267 2978 τοῦ
1282 2900 1367 2992 bugd.

302 3000 304 3005 '
354 2988 497 3063 πρότερον
512 2991 546 3046 R.
559 2990 654 3062 bugd,
668 2992 719 3044 acri
733 2993 876 3065 προτέρου
899 2990 961 3046 edd.

288 3110 381 3175 offert3
408 3110 476 3181 quio
491 3111 583 3180 potius
602 3112 688 3163 iustus
706 3112 736 3163 in
754 3128 800 3164 eos
818 3113 953 3165 exercitus
972 3119 1012 3166 est
1031 3111 1191 3178 mittendus,
1211 3120 1240 3165 et
1260 3127 1294 3163 ex
1314 3126 1366 3162 vo-

287 3180 331 3233 bis
346 3181 410 3248 ipsis
426 3180 481 3232 dua
503 3182 603 3251 aliquis
620 3182 660 3233 rei
678 3181 796 3234 bellicae
816 3184 920 3251 peritus
942 3184 969 3235 ei
988 3173 1200 3251 praeficiendus,
1224 3184 1272 3253 qui
1293 3181 1368 3233 bello

287 3250 413 3301 adversus
438 3254 570 3303 Romanos
588 3252 690 3321 optime
708 3253 850 3315 confecto,
876 3251 942 3305 binc
962 3271 1008 3305 eos
1044 3270 1106 3305 uam
1122 3254 1251 3313 citissime
1268 3254 1367 3319 exigat,

286 3328 448 3390 nostrasque
467 3320 547 3372 nobis
564 3330 648 3374 terras
666 3330 816 3391 recuperet
852 3321 910 3374 Hoc
933 3325 1005 3376 enim
1024 3272 1168 3387 iacientes,
1188 3332 1216 3375 et
1234 3321 1369 3372 Gothicae

286 3390 393 3441 nationi
405 3407 573 3458 summopere
585 3392 813 3463 gratificabimini‚
821 3400 969 3444 servatores
983 3396 1170 3465 malorumque
1182 3392 1369 3461 profligatores

288 3459 434 3521 declarati,
462 3468 618 3531 vestrasque
635 3464 717 3514 simul
735 3480 777 3515 res
797 3462 827 3514 in
849 3468 909 3513 tuto
928 3462 1135 3525 collocaveritis,
1160 3464 1183 3515 si
1201 3460 1273 3514 nibil
1289 3461 1368 3512 vobis

287 3531 402 3600 amplius
421 3528 522 3581 hostile
542 3548 575 3581 ex
591 3533 689 3585 vicinis
717 3534 854 3603 reliquum
876 3531 931 3583 fiat.
976 3533 1018 3586 Ad
1041 3532 1109 3585 haec
1135 3535 1266 3585 immensa
1288 3530 1369 3583 vohis

286 3600 334 3651 liet
345 3602 478 3669 pecuniae
493 3602 619 3665 accessio,
637 3619 693 3654 nou
709 3604 798 3653 solum
817 3618 851 3652 ex
866 3603 977 3672 praeda,
994 3603 1125 3677 quamde
1139 3602 1265 3656 Romanis
1280 3601 1368 3653 iacie-

287 3670 332 3733 tis,
350 3670 397 3722 sed
415 3678 443 3722 et
462 3670 522 3722 aliis
542 3688 609 3741 quas
628 3688 678 3723 uos
696 3672 888 3741 persolvemus.

355 3742 380 3793 6.
417 3742 490 3793 Haec
507 3758 568 3793 cum
588 3740 720 3794 dixissent
737 3741 837 3811 legati,
861 3740 1053 3795 Tbeodibaldo
1075 3742 1187 3814 quidem
1204 3740 1275 3812 (erat
1293 3741 1368 3792 enlm

286 3824 381 3876 parum
407 3827 550 3879 generosus
577 3819 606 3863 et
630 3811 698 3863 belli
724 3811 885 3879 imperitus,
919 3820 1004 3883 atque
1026 3814 1094 3865 adeo
1121 3806 1261 3865 morbidus
1285 3812 1369 3863 ctiam

207 3912 209 3917 .
286 3894 453 3947 corporeque
471 3880 602 3953 invalido)
625 3898 719 3934 eorum
734 3881 832 3954 petitio
846 3894 903 3933 uon
919 3882 1065 3935 admodum
1080 3882 1257 3951 probabatur,
1272 3898 1312 3949 ne
1333 3896 1369 3932 ue

284 3948 403 4017 putabat
418 3960 543 4017 oportere
564 3951 718 4004 abalienes
748 3951 914 4003 calamitates
932 3953 1044 4020 privatis
1065 3952 1270 4004 difficultatibus
1288 3898 1368 4001 laio-

286 4017 417 4087 ribusque
436 4019 544 4072 involvi.
581 4022 722 4075 Leutharis
745 4038 809 4074 vero
827 4030 857 4074 et
873 4023 1020 4087 Butilinus,
1041 4023 1148 4075 tametsi
1167 4021 1197 4073 id
1217 4037 1246 4072 re
1265 4023 1274 4071 i
1292 4021 1369 4089 ipso-

287 4104 346 4138 rum
364 4090 476 4143 minime
494 4092 636 4159 placebat,
666 4094 733 4145 belli
752 4110 813 4145 cum
833 4092 872 4145 eis
893 4095 1051 4146 societatem
1069 4094 1202 4145 inierunt
1239 4039 1321 4144 irunt
1338 4088 1371 4139 bi

287 4154 342 4210 duo
363 4160 481 4227 germani
502 4160 605 4225 iratres,
625 4182 722 4233 genere
740 4162 852 4235 quidem
871 4160 1029 4225 Alemanni,
1049 4164 1195 4214 maximam
1212 4177 1276 4213 vero
1296 4158 1370 4229 apud

287 4227 401 4303 Francos
428 4231 580 4300 potentiana
603 4234 757 4297 conrecuti,
791 4233 859 4286 adeo
887 4240 919 4285 ut
937 4233 1044 4287 nabori
1060 4234 1182 4303 ipsorum
1198 4235 1369 4303 praeessent,
