3109 4950
434 302 786 370 πιστότατον-ο.
807 311 858 379 ιι.
1105 281 1191 370 305

110 456 155 532 oie
171 457 207 524 ἐν
234 454 316 542 αύτῇ
338 453 440 540 δήπου
464 459 504 542 τῇ
519 458 685 542 πτριοικίδι
701 458 935 542 victimatione
950 461 1338 542 uiltoccotosi-Aaecutae

109 576 150 620 τα
173 552 258 620 δεινοὶ
277 551 413 636 πύσχειν
436 551 500 618 ύπύ
521 552 693 641 βαρβάρων
708 554 837 642 σφόδρα
856 555 978 641 δλίχων.
1004 570 1072 637 τοῖς
1090 564 1126 627 δὲ
1150 565 1189 628 οδ
1201 555 1295 611 ῙΜΆ

107 657 206 740 μέχρι
228 651 346 718 τούτων
366 653 511 720 ἐτελεύτα
526 652 562 716 τό
581 655 714 738 θράσος,
734 649 806 719 ἀλλ’
826 653 890 744 ictui
904 654 1011 741 ἰόντες,
1031 657 1105 726 τίσω
1125 663 1190 730 τιύν

107 755 237 838 μακρῶν
253 751 494 832 ὀνομαζομένων
517 755 630 834 τειχῶν
652 747 770 841 ῥᾳδύος
790 759 969 840 παρῆλθον,
989 759 1045 822 καί
1059 770 1124 834 τοῖς
1140 757 1192 827 ἐν.

87 851 162 915 tto
184 851 351 938 φρουρίοις
370 852 528 928 ἐπέλαζον.
559 853 722 934 πολλαχοῦ
739 845 801 938 ylio
827 852 888 918 ύπύ
907 853 1024 940 χρόνον
1048 855 1103 920 καί
1117 858 1193 944 ότη-

104 950 232 1027 μελείας
244 947 414 1014 ἐπεπτώκει
428 947 484 1014 καί
503 949 661 1015 διελέλυτο
684 949 704 1034 ἧ
724 954 781 1013 τοῦ
795 955 944 1034 μεγίστου
964 952 1125 1038 ἐρύματος
1144 957 1217 1022 σι’-Β

105 1047 249 1127 κοδορὶία·
270 1045 340 1132 ἔνια
360 1048 397 1110 δὲ
410 1050 492 1132 μέρη
508 1044 564 1110 καί
579 1045 674 1112 edroi
696 1046 967 1134 καταβεβλήκασιν
987 1051 1088 1126 ἀδεῶς
1111 1049 1192 1118 siros

105 1144 161 1209 καί
186 1141 427 1230 ἀταλαιπώρως,
443 1140 548 1230 οἵσπερ
572 1145 673 1221 οἰκίαις
693 1148 992 1234 καταστρεφόμενοι.
1025 1150 1080 1216 καί
1101 1152 1193 1218 οὐδὲν

104 1234 144 1326 ἦν
164 1242 201 1307 τύ
221 1238 369 1331 ἀπεῖργον
389 1247 433 1332 τῷ
450 1246 532 1328 μηδὲ
548 1243 696 1330 φρουρυὶν
714 1245 943 1332 στρατιωτικὴν
968 1248 1083 1316 ἐνθάδε
1101 1248 1193 1336 ἱδρύ-

68 1349 214 1423 ιοσθαι,
226 1341 305 1428 μήτε
322 1341 502 1427 ἐμυντήρια
525 1342 762 1428 μηχανήματα,
792 1349 848 1410 καὶ
873 1343 949 1421 τούς
971 1351 1073 1412 ταῦτα
1094 1357 1192 1414 κινεῖν

102 1444 350 1524 ἐπισταμένους,
383 1440 464 1508 etti
492 1441 573 1527 μήτε
598 1444 701 1507 κυνιόν
735 1442 854 1530 ὑλακὴν
880 1445 1073 1528 etelectus,
1094 1449 1124 1512 εἰ
1144 1444 1190 1533 μὴ

101 1543 175 1604 λίαν
194 1544 423 1623 καταγέλαστον
435 1542 545 1622 εἰπεῖν,
566 1535 609 1617 oio
625 1544 703 1625 ναόν
724 1545 759 1608 ἐν
774 1546 918 1629 συφεοῖσι
942 1547 997 1610 καί
1024 1542 1192 1631 μάνδραις.

100 1635 140 1702 τό
157 1638 219 1724 γόρ
236 1641 299 1702 τῶν
317 1636 489 1720 ‘Pecuarius
513 1639 752 1725 occurrissem,
782 1640 820 1704 ού
846 1645 985 1707 τοσαύτα
1003 1645 1192 1730 διαμεμενη-

100 1732 178 1800 κύτα
207 1734 309 1802 ύπόσα
341 1735 399 1822 τὴν
421 1736 527 1823 ύρχὴν
555 1734 619 1802 ύπό
636 1741 700 1804 τῶν
721 1737 821 1804 πύλαι
843 1742 999 1823 βασιλέων
1016 1741 1191 1828 ἐξεύρηται,

64 1837 135 1911 ι5ἐς
162 1834 333 1920 ἐλαχίστην
360 1838 397 1899 δέ
419 1861 490 1901 τινα
512 1840 630 1923 μοίραν
654 1835 879 1923 περιελθόντα,
910 1839 1015 1904 ούκέτι
1040 1842 1083 1929 τῷ
1099 1843 1194 1924 μεμύ-

101 1939 156 1999 res
172 1939 232 2018 τῆς
256 1933 416 2012 πολιτείοις
437 1935 596 2020 ἐξήρκουν.
618 1937 691 2002 δέον
712 1934 771 2022 γὰρ
799 1939 832 2012 ἐς
849 1941 941 2002 πέντε
964 1938 1019 2003 καί
1034 1937 1217 2023 τεσσαρύ-(λ

100 2055 199 2098 κοντα
216 2031 273 2096 καί
285 2025 448 2110 ἓξακοσιας
464 2033 614 2117 χιλιάδας
627 2034 781 2119 μαχίμων
799 2035 924 2121 ἀνδρῶν
945 2035 1003 2121 τὴν
1020 2031 1093 2122 όλην
1106 2031 1192 2120 αἴγει’-

172 2189 197 2244 5.
220 2187 372 2258 dornellae
389 2189 486 2242 Suidas
506 2209 526 2243 s.
556 2208 582 2243 v.
675 2193 701 2244 6.
718 2193 857 2262 μεγίστου
879 2189 939 2242 αδδ.
959 2209 992 2244 er
1010 2195 1038 2244 u.
1058 2201 1086 2246 et
1106 2195 1190 2263 Intpr.

170 2260 290 2312 maioris
307 2261 417 2314 castelli
440 2258 608 2334 aedificium.
721 2264 745 2313 8.
765 2261 857 2329 οἰκείᾳ
881 2263 910 2313 ii.
938 2261 1010 2333 (fort
1029 2263 1061 2314 ἐν
1079 2264 1190 2334 οἰκείᾳ),

169 2331 260 2398 Iutpr.
285 2332 379 2382 οἰκεῖα
400 2331 497 2400 legisse
520 2331 645 2384 videtur:
671 2329 749 2384 haud
765 2349 843 2384 secus
867 2349 901 2384 αι
920 2350 973 2385 suo
989 2360 1025 2372 -
1047 2331 1190 2386 disturba-

168 2401 242 2453 bant
252 2421 259 2452 ε
269 2400 356 2471 idque
367 2402 436 2452 coni.
452 2403 480 2452 Β.
489 2401 564 2454 Vulc.
621 2401 731 2455 11-Post
747 2403 907 2452 ἀκούεσθαι
922 2403 1005 2470 lntpr.
1021 2403 1113 2454 addit:
1131 2423 1191 2456 ποπ

168 2470 313 2525 homiuum
326 2471 470 2545 fremitus.
576 2476 614 2527 13.
640 2466 698 2542 γύρ
722 2488 774 2524 om.
800 2474 828 2523 R.
848 2479 876 2523 et
895 2470 969 2525 Suid.
988 2490 1007 2524 s.
1027 2491 1050 2525 v.
1070 2486 1105 2523 συ
1132 2470 1188 2538 εύς,

168 2544 221 2624 qni
250 2541 355 2593 locum.
375 2546 416 2593 sic
446 2544 595 2597 contraxit:
618 2540 715 2612 ὥσπερ
738 2545 770 2596 ἐν
799 2549 929 2612 comecias
962 2546 1011 2593 seui
1043 2492 1188 2613 μάνδραις

166 2629 204 2665 τα
240 2613 296 2663 τῶν
329 2614 486 2683 Ῥωμαίων
508 2612 664 2685 μεμενήκει
697 2611 909 2684 στρατεύματα,
940 2616 1041 2683 inepte.
1089 2614 1186 2685 Neque

168 2682 229 2733 alia
261 2685 343 2735 vertit
378 2684 464 2751 intpr.
487 2696 621 2755 tanquam
652 2703 800 2755 porcorum
834 2684 865 2735 in
887 2687 1018 2739 claustris
1046 2685 1187 2737 Romanus

168 2753 312 2807 exercitus
335 2755 482 2807 interclusi
506 2757 666 2817 manebant,
688 2756 798 2808 torretsi
820 2755 867 2806 vel
890 2774 921 2809 eo
948 2772 1061 2808 numero
1083 2768 1183 2817 essent,

168 2841 229 2895 quo
248 2835 314 2876 tunc
328 2825 446 2894 primum
462 2835 489 2875 ct
505 2838 630 2878 veterum
645 2826 847 2895 Imperatorum
863 2839 982 2898 tempore
1001 2826 1184 2879 recenseban-

168 2907 232 2955 tur,
249 2905 276 2946 ει
295 2911 354 2947 παπ
371 2897 404 2949 in
420 2894 561 2947 minimam
573 2906 680 2964 partem
698 2894 806 2947 redacti
825 2904 877 2950 etc.

94 3048 156 3083 eam
175 3030 255 3083 enim
271 3030 407 3083 miseriam
422 3046 465 3081 res
475 3030 657 3081 Romanorum
673 3027 798 3081 redactae
817 3035 902 3092 erant,
919 3036 951 3081 ut
967 3028 997 3081 in
1015 3030 1075 3097 ipso
1091 3029 1183 3097 regiae

94 3102 160 3153 urbi
180 3102 358 3153 circumiecto
375 3117 438 3169 agro
450 3099 519 3151 adeo
539 3100 642 3151 atrocia
659 3099 729 3151 mala
744 3104 903 3168 paterentur
918 3116 933 3150 a
949 3098 1070 3150 barbaris
1091 3101 1183 3167 iisque

92 3174 255 3241 perpaucis.
290 3172 345 3224 Sed
365 3185 455 3239 neque
471 3168 515 3220 his
536 3170 662 3223 terminis
681 3185 776 3221 eorum
796 3168 961 3221 confidentia
987 3169 1042 3221 fuit
1066 3169 1182 3219 eircum÷

93 3245 214 3313 ετοίμως
239 3241 288 3295 sed
312 3242 427 3293 ulterius
453 3241 604 3309 progressi,
630 3240 773 3310 longisque
798 3237 849 3309 (ita
873 3238 967 3301 dictis)
991 3239 1074 3289 muris
1099 3238 1181 3289 facilc

91 3314 253 3384 superatis,
270 3311 481 3373 munitionibus,
499 3327 569 3379 quae
587 3310 661 3361 intus
679 3318 768 3378 erant,
785 3309 1046 3379 appropinquarunt.
1084 3307 1179 3359 Multis

90 3387 170 3435 enim
178 3383 341 3451 inpartibus
349 3397 415 3451 prae
426 3390 562 3435 vetustate
576 3388 605 3431 et
617 3381 785 3449 negligentia
800 3380 911 3433 maximi
925 3380 1032 3433 castelli
1047 3384 1181 3429 structura

90 3462 241 3507 corruerat
257 3454 354 3503 vitium
392 3468 408 3504 c
426 3454 542 3516 fecerat,
559 3452 704 3503 nonnullas
724 3466 788 3501 vero
805 3458 896 3518 partes
913 3448 996 3501 etiam
1013 3450 1065 3516 ipsi
1085 3446 1181 3499 dirue-

88 3523 241 3577 rantadeo
260 3523 360 3590 intrepi
381 3540 440 3574 eac
455 3524 545 3586 facile,
563 3522 635 3572 acsi
653 3520 747 3573 domos
768 3519 965 3583 subverterent,
981 3519 1107 3589 nihilque
1121 3523 1181 3569 erat

89 3591 175 3664 quod
203 3590 344 3654 obstaret,⁴
362 3610 423 3644 cum
448 3610 539 3663 neque
562 3593 650 3648 ullum
672 3589 838 3659 praesidium
856 3590 974 3641 militare
997 3590 1038 3640 ibi
1062 3588 1181 3639 colloca-e

80 3674 157 3716 tum
176 3667 265 3722 esset,
288 3678 387 3731 neque.
401 3664 475 3717 ullae
493 3664 528 3715 ad
543 3661 758 3734 propulsandum
778 3660 885 3713 hostem
906 3660 1064 3721 machinae,
1089 3672 1182 3727 neque

90 3736 146 3805 qui
167 3730 232 3783 illas
249 3746 356 3783 movere
378 3750 409 3784 ac
425 3742 540 3787 tractare
557 3742 664 3796 nosset,
690 3731 739 3785 sed
762 3747 797 3783 ne
815 3748 911 3785 canum
932 3730 1043 3799 quidem
1066 3725 1178 3779 latratus

89 3802 281 3863 audiebatur,
304 3802 359 3851 nisi
383 3804 526 3855 admodum
549 3803 696 3855 ridiculum
719 3802 794 3855 dictu
821 3802 872 3865 sit,
897 3801 983 3851 veluti
1007 3800 1037 3849 in
1059 3796 1179 3853 ouilibus

90 3884 145 3927 ant
164 3872 294 3924 ovilibus.
314 3872 492 3925 Romanorum
512 3874 586 3925 enim
605 3876 740 3925 exereitus
759 3888 815 3923 non
833 3872 921 3928 tanti,
941 3878 1023 3939 atque
1042 3868 1108 3919 olim
1124 3868 1181 3919 sub,

88 3942 240 3996 veteribus
263 3942 472 4009 imperatoribus
502 3944 624 4006 suerent,
650 3949 868 4011 permanserant,
904 3939 952 3991 sed
977 3938 1013 3989 ad
1038 3938 1179 3991 minimam

89 4012 238 4084 quandam
260 4014 414 4080 portionem
433 4011 544 4075 redacti,
559 4031 617 4065 non
642 4012 758 4079 amplius
775 4008 959 4079 magnitudini
976 4009 1083 4077 imperii
1099 4025 1178 4076 pares

90 4091 188 4136 erant.
223 4082 291 4135 Cum
310 4084 384 4137 enim
401 4082 541 4133 universae
558 4085 739 4133 Romanorum
757 4080 828 4131 vires
855 4080 990 4131 sexcentis
1014 4077 1179 4148 quadragin-

87 4164 122 4206 ta
132 4154 260 4223 quinque
275 4153 440 4209 bellatorum
457 4152 580 4205 millibus
598 4159 723 4202 constare
740 4149 882 4211 deberent,
900 4166 978 4219 aegre
996 4158 1054 4201 tum
1070 4156 1182 4214 tempo-1

89 4224 135 4277 ris
154 4232 273 4283 centnm,
284 4223 482 4295 quinquaginta
500 4220 623 4275 millibus
642 4218 820 4283 constabant,
833 4227 928 4289 ,atque
945 4220 1041 4273 harum
1065 4214 1181 4289 quiden

200 4316 340 4387 Agotbias.
943 4328 978 4365 ao
