3109 4950
318 295 395 358 xxx
638 274 822 357 mxuma
846 294 887 357 m
913 293 1079 357 esauxn

464 440 524 506 IN
555 443 872 506 AGATHIAE
908 441 1254 506 fllseoxtxm

319 557 342 604 Α
357 555 407 604 CL.
425 555 456 604 V.
479 553 727 604 onAvmx’rURs
751 554 921 604 vamme
936 554 1070 605 GRAECE
1083 557 1123 604 ΕΙ·
1138 554 1258 605 LATINE
1271 551 1398 603 ennea

498 639 734 692 HIEREMIAS
771 639 1035 694 BASTINGIUS
1061 643 1087 694 S.
1110 643 1141 694 Τ.
1175 642 1209 693 Ι).

564 743 602 778 ex
622 740 785 778 nonaxon
803 739 1010 779 xnaoaoatcl
1027 743 1162 780 exaesis

318 863 426 921 Ausees
444 859 522 916 delet
540 861 627 914 vitam
643 871 704 931 past
712 859 783 932 sata
800 858 923 913 Maeoni:

352 935 535 984 lanaeeex‘rox
552 949 622 982 ovas
641 932 784 983 Historico
799 930 928 981 Assem.

323 1002 422 1053 Gloria
441 1018 504 1052 nam
523 1003 613 1052 maior
632 1013 710 1052 tanto
731 1012 771 1052 est
791 999 860 1051 tibi:
869 1000 944 1074 ficta
962 1003 1056 1056 Possis

352 1074 377 1124 A
396 1089 466 1124 vera
484 1081 589 1141 quanto
613 1071 740 1121 vincitur
760 1069 896 1122 Historia.

318 1143 413 1196 Macte
431 1136 480 1192 sed
497 1158 513 1190 o
532 1141 637 1191 virtute
657 1151 706 1190 tua
725 1136 825 1190 dilecte
845 1139 989 1191 Camoenis

356 1213 411 1276 Qui
430 1209 523 1262 clarus
539 1209 643 1260 volitas
661 1207 743 1260 docta
759 1225 875 1278 perora
893 1210 987 1260 virum

318 1281 460 1340 Vanesia,
479 1293 557 1350 quem
576 1296 633 1328 non
652 1278 723 1330 ullos
740 1279 856 1332 subiisse
873 1278 981 1330 labores

355 1349 382 1401 Τ
379 1347 486 1410 aeduit,
512 1361 652 1402 aeternum
676 1359 707 1401 ut
733 1351 845 1400 viveret
869 1349 1010 1399 Aaseasss.

318 1419 451 1473 Asnaus
470 1419 600 1488 inquam,
621 1420 715 1470 Graiis
736 1431 768 1468 ut
785 1421 912 1488 cognitus
931 1419 997 1469 elim

351 1487 432 1541 Nunc
452 1489 546 1540 Graiis
563 1489 671 1557 pariter
689 1489 817 1559 cognitus
834 1501 862 1540 et
878 1489 975 1540 Latiis.

319 1559 366 1612 Sic
384 1556 523 1630 quondam
542 1557 575 1611 de
593 1571 619 1609 te
637 1571 677 1610 est
694 1560 807 1610 meritus
824 1556 978 1611 doctissime
996 1557 1099 1610 Risetor

352 1629 545 1699 Romanaeque
562 1624 643 1679 decus
660 1627 842 1696 quaamxsae
858 1641 957 1698 togae,

321 1698 449 1750 Poenius:
467 1696 539 1750 hunc
556 1714 716 1769 quanquam
734 1713 848 1766 superas
864 1698 916 1750 lsoc
935 1699 1061 1758 namins,
1079 1697 1156 1750 cuitu

356 1763 437 1834 Quod
456 1780 550 1836 perte
567 1769 674 1836 gemino
695 1765 840 1838 splendeat
851 1767 992 1821 Aos'sxxss.

318 1839 336 1890 1
353 1853 428 1890 nunc
447 1837 531 1888 Mons
550 1852 648 1907 crepa,
668 1848 695 1888 et
710 1839 782 1891 male
800 1855 915 1908 carpere
933 1836 1026 1890 desine
1044 1838 1095 1907 qui
1109 1851 1135 1889 te
1153 1849 1193 1892 est

353 1905 481 1958 Passibus
500 1907 654 1958 innumeris
669 1905 780 1959 doctior
796 1921 825 1960 et
840 1908 948 1960 melior.

310 1977 375 2030 'Vos
390 1987 481 2028 autem
501 1977 631 2026 Pxocexxs
649 1977 748 2044 quibus
765 1978 834 2029 liaec
853 1989 1028 2033 monumenta
1047 1975 1188 2041 dicantur,

356 2048 390 2098 Ut
405 2057 499 2098 vestro
516 2057 648 2098 maneant
665 2059 725 2099 tuta
750 2049 799 2099 sub
817 2049 944 2117 imperio,

319 2117 400 2168 Hunc
416 2115 556 2168 redamate
576 2118 687 2177 virum,
713 2129 799 2190 tuque
818 2135 835 2169 o
851 2119 981 2168 Bsrrsvss
999 2115 1090 2184 gaude

355 2184 455 2240 Lucem
472 2201 507 2239 ex
527 2197 552 2238 te
571 2186 704 2238 Asianus
722 2185 801 2257 quad
815 2185 962 2240 redivivus
980 2188 1071 2242 balet.

618 2372 867 2462 esuixas
903 2376 1086 2480 duna.

757 2512 952 2547 MERULA·

318 2599 393 2669 Qum
412 2598 457 2652 hic
476 2615 570 2652 recens
585 2597 728 2666 scriptoris
749 2599 807 2647 arti
825 2598 962 2649 contuor?

257 2670 259 2679 ’
317 2670 412 2721 Proles
429 2669 508 2721 cluor
525 2668 636 2738 Agathe.
673 2667 777 2717 Ominis
796 2683 894 2718 nomen
912 2668 979 2718 boni

319 2736 454 2792 Adnosco.
488 2738 557 2789 Nam
576 2744 625 2807 qul
643 2734 723 2789 audit
741 2737 843 2797 bonus,
861 2738 968 2806 plerum
986 2738 1127 2801 tonus'ss,

320 2808 424 2877 Quique
445 2826 462 2860 a
481 2808 551 2860 bono
569 2820 671 2867 natus,
689 2808 775 2858 boseus
795 2807 844 2857 ille
863 2807 1028 2875 plurumum.

352 2879 437 2930 Lares
454 2878 522 2928 milti
538 2878 669 2944 Smyrnae
681 2877 812 2945 paterni,
832 2894 904 2947 quae
922 2895 1001 2929 suum

321 2946 414 3001 Civem
431 2964 486 2999 esse
504 2949 660 3007 Homerum,
676 2948 830 3017 principem
847 2958 943 2997 vatum
961 2952 1095 3013 omnium,

317 3018 449 3088 Princeps
463 3018 596 3087 probavit
614 3017 680 3067 olim
698 3028 807 3069 etanta
826 3030 960 3081 caeteras,
998 3056 1011 3060 ..

319 3090 395 3154 Quae
413 3090 559 3139 iniverant
574 3098 728 3147 certamen,
748 3089 827 3139 urbis
844 3089 987 3141 Graeciae.

318 3160 386 3211 Fere
406 3170 445 3211 est
452 3171 513 3220 ,ut
529 3155 616 3211 adsim
638 3154 671 3207 ab
691 3157 799 3227 inferas
817 3159 880 3226 ripa
898 3158 1007 3227 Stygis.

355 3232 430 3295 Quae
449 3231 544 3281 Morta
563 3240 588 3281 te
605 3228 705 3297 pressit
712 3226 834 3297 savissis
852 3228 962 3297 circites

225 3327 229 3338 ·
317 3298 398 3367 Mille
413 3299 582 3370 ampliusque
599 3294 765 3357 obliviosis?
781 3299 901 3366 placens

320 3370 397 3433 Quae
416 3368 484 3419 Fors
501 3370 616 3428 silente,
636 3365 841 3439 doctejaettts’,
862 3380 887 3419 te
908 3367 1023 3421 obruit?

318 3434 492 3490 incommodo
512 3439 637 3509 maloque
655 3451 784 3499 maxumo
803 3439 939 3497 omnium,

320 3505 407 3560 Cordi
423 3506 522 3577 quibus
539 3524 682 3573 curaeque,
692 3522 768 3578 gesta
786 3525 858 3581 quae
876 3519 960 3576 retro,

355 3577 517 3629 Immanitas
539 3570 699 3628 Gottleorum
717 3586 749 3630 et·
760 3580 923 3629 Hunnorum
933 3578 1004 3648 sera

316 3645 383 3701 Med
402 3647 553 3700 aevite‘rno
564 3648 740 3717 manciparat
756 3643 867 3699 carceri
872 3666 883 3713 ,-
1040 3646 1045 3654 '

319 3718 369 3777 Ut,
392 3714 532 3787 quidquid
548 3716 651 3789 asatis
670 3717 739 3775 milti
756 3717 834 3775 vitae
853 3734 949 3785 super,

233 3798 240 3811 ¹
316 3786 469 3853 lngiorium
487 3799 555 3840 esset
572 3798 656 3856 atque
671 3787 768 3857 squals
785 3785 937 3846 sordidam.

349 3851 386 3905 'Ae
403 3854 475 3908 unde
494 3869 600 3909 tantum
615 3856 786 3918 saevitatis?
802 3858 953 3919 luctuum,

318 3924 421 3992 Quibus
441 3941 491 3978 nec
509 3944 631 4000 unquam
639 3926 714 3998 finis
734 3939 873 3989 essetnec
888 3926 984 3986 modu
992 3961 1006 3997 ,-

318 3996 436 4049 Causam
453 4012 493 4046 sne
512 3998 550 4049 eis
567 3998 754 4056 certissumum
770 4011 897 4050 manerat
906 4000 974 4068 firre

315 4064 418 4135 chata
437 4078 541 4127 vatum,
560 4085 627 4135 quos
645 4066 777 4132 aditam,¹
799 4067 895 4122 dictio.

316 4134 440 4187 immersi
455 4136 527 4187 enim
544 4136 655 4190 crudele
672 4156 826 4194 maerorum
844 4154 938 4200 matt,

317 4204 356 4259 Et
373 4206 498 4268 conscii,
518 4222 589 4275 quae
608 4224 666 4260 nan
682 4210 763 4263 semel
777 4210 869 4276 passi,
893 4210 1008 4281 iugum}
