3109 4950
372 360 454 416 212
806 351 1015 420 testulus

233 527 303 582 tc.
318 525 458 590 tsttsos,
476 499 504 574 ὦ
519 507 670 590 δικαστὰ,
690 509 736 584 ιδς
755 499 793 572 οὖ
816 505 991 590 Ῥωμαϊκὸν
1009 503 1084 571 otte
1109 500 1231 574 δίκαιον
1257 511 1295 573 τὸ
1313 514 1385 591 μὲν
1409 515 1485 594 ἔμ-

274 599 468 695 wopan&
495 602 579 671 οὕτω
602 608 658 670 κατ’
681 599 843 692 προδπτον
870 601 1010 690 ιῖδίκημα
1034 609 1239 690 παραλιπεῖν,
1265 602 1410 693 ἇδηλοις
1438 615 1484 676 δὲ

370 707 489 787 μᾶλλον
513 703 630 780 αἰτίαις
653 696 756 779 ἄλλως
782 699 889 780 αὐτοῖς
904 706 1178 787 μεμηχανημένως
1201 708 1481 792 ἐξαπατηθῆναι.

370 804 408 868 οὗ
426 803 487 890 γὰρ
504 799 651 870 ἆνεκτέον
667 797 783 884 αὐτῶν,
811 799 854 878 οἷς
872 805 931 884 μὲν
949 797 1135 867 ἀπεκτόνασι
1156 800 1212 866 τὸν
1235 795 1337 890 ἄνδρα
1360 803 1478 891 ‹isari-

335 901 469 990 ὓρήδην
492 903 680 989 φασκόντων,
707 897 863 989 ὠφέλειαν
881 904 916 966 δὲ
933 901 1082 985 μεγίστην
1105 903 1230 966 ἐνθένδε
1252 911 1316 978 τοϊς
1338 916 1496 981 κοινοῖς5

233 995 243 1005 ’
366 999 560 1088 πεπορίσθαι
586 1000 749 1087 πράγμασι
772 1003 1027 1088 τερατευομένων.
1062 1003 1129 1076 παῖς
1149 997 1210 1086 γᾶρ
1238 993 1277 1065 δν
1301 997 1477 1067 τᾶναντία

365 1109 514 1166 συσταῖεν
545 1100 654 1186 σφίσιν
680 1095 805 1181 αδτοῖς,
834 1089 964 1186 ἢπῶς,
987 1099 1043 1184 τὴν
1061 1102 1175 1186 πρᾶξιν
1203 1097 1306 1185 δεινὴν
1330 1095 1474 1166 ἆπακα-

365 1201 508 1281 λοῦντες,
528 1198 759 1281 ἐπαινεσόμεθα
773 1197 830 1284 τὴν
855 1197 1018 1285 δράσασαν
1035 1195 1179 1283 γνώμην,
1203 1197 1246 1276 ὥς
1265 1201 1324 1263 τοῦ
1343 1201 1472 1266 συνοί-

365 1320 471 1373 σοντος
490 1300 741 1382 ἑστοχασμένηνς
774 1299 873 1362 πάλαι
891 1295 949 1384 γὰρ
966 1296 1111 1380 ἀλλήλοιν
1123 1297 1358 1384 ἀποκεκριμέναι
1380 1325 1469 1383 τυγ-

364 1394 497 1478 χάνετον
518 1391 657 1482 ιδφέλεια
682 1397 738 1462 καί
758 1395 952 1482 παρανομία,
982 1391 1106 1480 ιδμότης
1127 1421 1162 1460 τε
1184 1398 1239 1460 καὶ
1260 1397 1513 1488 δικαιοσύνηιο

320 1494 326 1512 ’
366 1494 552 1578 διεστηκότα
571 1493 626 1558 καί
635 1488 749 1575 ἄμικτα
765 1498 821 1559 καί
836 1492 930 1576 ὁμόσε
950 1503 1068 1580 χωρεῖν
1087 1492 1248 1559 οὐπώποτε
1265 1496 1454 1581 πεφυκότα.

449 1592 488 1656 δ.
531 1595 594 1672 „Es‘
605 1594 640 1655 δέ
659 1618 694 1676 γε
710 1592 775 1657 καί
784 1591 904 1679 γυμνὴν
919 1593 975 1677 τὴν
988 1591 1128 1658 διάνοιαν
1137 1596 1321 1674 ἐξεταστέον,
1343 1597 1461 1681 φανή-

364 1716 473 1759 σονται
495 1690 551 1755 καί
573 1689 672 1779 ταύτῃ
698 1689 808 1756 δυ’σνοι
827 1691 882 1756 καί
896 1693 1054 1773 κάκιστοι,
1082 1691 1124 1768 αἷς
1142 1690 1181 1776 δη
1203 1691 1331 1768 τάτοδς
1353 1697 1459 1781 Πέρ-
1512 1699 1513 1716 ’

367 1816 426 1866 σας
444 1784 616 1875 ἀρέσκοντα
641 1794 895 1873 βεβουλευμένοι·
923 1786 1006 1856 ιδστε
1030 1785 1103 1856 οὐδὲ
1128 1791 1309 1872 Ῥωμαίους
1329 1784 1456 1874 ὄνομά-

366 1889 431 1965 ζειν
452 1887 564 1951 τούσδε
592 1885 667 1964 τοὺς
688 1889 879 1976 μιαιφόνυυς
905 1887 1074 1976 προσήκει,
1106 1884 1181 1953 sits
1208 1889 1250 1965 sic
1271 1889 1489 1976 ὁμοφύλοιςιὸ

258 2003 285 2059 p,
305 2006 357 2060 111
365 1989 434 2065 μετ)
449 1979 574 2061 εὐνοίας
596 1988 778 2071 διαιτητέον»
794 1983 920 2070 αὐτοῖς,
950 1985 1002 2053 δτι
1026 1987 1070 2072 μη
1084 1986 1234 2075 ,καθάπερ
1258 1989 1330 2054 λίαν
1353 1991 1453 2072 ἐχθί-

363 2107 458 2164 στοις,
486 2084 556 2149 ines*
575 2088 631 2149 καί
653 2079 714 2173 ἤδη
732 2088 776 2174 τῷ
790 2089 882 2175 κοινῷ
898 2090 953 2172 τῆς
973 2084 1097 2174 φύσεως
1119 2084 1200 2175 νόμην
1222 2093 1452 2174 μεμερισμένοι

364 2180 577 2265 τυγχάνωσι,
611 2177 671 2249 xciv
697 2186 792 2271 μήπω
818 2189 956 2274 τῷπαρ’
984 2185 1062 2268 δμῖν
1089 2189 1298 2274 γεγραμμένῳ.
1330 2184 1364 2250 τὸ
1384 2185 1448 2274 γάρ

364 2279 530 2347 ἀντίπαλον
548 2285 603 2346 καί
621 2282 784 2369 ἀλλότριον
805 2293 869 2360 τοῖς
885 2283 985 2370 ἔργοις
1006 2282 1214 2368 γνωρίζεσθαι
1229 2286 1313 2370 χρὴ,
1343 2280 1382 2348 οδ
1399 2289 1449 2374 τῷ

362 2373 551 2480 πορρωτέρω
568 2382 729 2465 τετάχθαι.
747 2383 768 2448 δ
785 2386 829 2465 δὲ,
851 2379 897 2459 οἷς
912 2378 951 2448 δν
965 2385 1091 2466 ἦσθεῖεν
1106 2381 1135 2447 οἱ
1148 2387 1321 2465 δυσμενεῖς,
1337 2387 1481 2451 sariram
1511 2374 1512 2382 δ

362 2469 520 2563 προῦργου
539 2483 742 2563 ποιούμενος,
762 2485 910 2564 πολέμιος
928 2475 968 2547 δν
983 2487 1105 2569 κριθείη
1130 2484 1266 2570 δικμιλυς,
1287 2476 1345 2549 κᾶν
1357 2508 1442 2564 συμ-

432 2671 470 2706 ιι.
489 2659 538 2708 καὶ
556 2656 645 2729 δμδσε
663 2688 700 2699 -
716 2658 866 2730 πεφυκότα
883 2678 936 2714 om.
954 2662 983 2711 R.
1002 2667 1030 2713 et
1042 2660 1127 2729 Intpr.
1219 2662 1258 2715 13.
1275 2655 1342 2718 τοδε
1357 2630 1438 2731 Πέρ-

430 2734 482 2783 σας
498 2729 545 2788 tt,
561 2732 845 2801 τυῖςΠέρσαιςναΙρ.
916 2730 1108 2805 ταπόρῤωΒ.
1421 2768 1424 2775 ·

363 2907 453 2961 neque
471 2891 619 2944 Romanum
634 2904 726 2960 neque
744 2891 846 2941 iustum
871 2904 947 2953 esse,
973 2890 1043 2943 sdeo‘
1064 2896 1157 2960 aperta
1175 2889 1371 2960 manifestaque
1391 2892 1436 2941 in-

361 2963 434 3013 iuria
449 2961 583 3029 neglecta,
602 2962 711 3013 incertis
729 2964 821 3030 potius
840 2960 874 3011 de
895 2962 991 3025 causis,
1013 2978 1078 3044 quas
1096 2962 1150 3029 ipsi
1171 2961 1269 3013 frustra
1292 2962 1434 3013 commenti

351 3031 434 3094 sunt,
458 3032 525 3083 salli.
549 3030 644 3100 Neque
661 3031 734 3083 enim
751 3030 859 3084 ferendi
877 3039 954 3095 sunt,
983 3047 1031 3102 qus
1057 3030 1231 3083 interfectum
1253 3029 1361 3101 quidem
1385 3030 1432 3080 abs
1512 3045 1513 3061 ι

360 3120 420 3153 sese
437 3103 525 3153 virum
548 3099 622 3152 hunc
643 3109 735 3171 aperte
753 3103 888 3164 fatentur,
906 3102 1049 3153 maximam
1067 3117 1130 3151 vero
1151 3117 1185 3151 ex
1207 3099 1258 3151 hac
1278 3100 1357 3151 caede
1375 3100 1429 3149 uti·
1512 3104 1513 3147 1

358 3171 465 3223 liutem
483 3170 518 3222 ad
536 3170 677 3240 publicum
694 3173 849 3239 pervenisse
874 3172 1029 3241 prodigiose
1053 3171 1227 3222 mentiuntur.
1271 3169 1332 3240 Quo
1354 3179 1429 3237 pacto

359 3244 433 3293 enim
454 3243 600 3293 consistere
618 3244 724 3311 possint
740 3243 794 3294 sihi
814 3242 878 3311 ipsis
902 3240 1061 3295 contraria?
1083 3249 1130 3292 aut
1155 3257 1209 3311 quo
1231 3249 1309 3307 pacto
1333 3240 1429 3290 factum

273 3345 275 3350 -
359 3314 448 3379 ipsum
465 3320 542 3362 atrox
559 3313 742 3379 appellantes,
759 3314 878 3363 animum
896 3314 970 3376 eius,
992 3313 1039 3381 qui
1057 3310 1087 3361 id
1101 3310 1282 3380 perpetravit,
1306 3310 1427 3361 laudabi-

356 3398 427 3444 mus,
445 3389 576 3452 tanquam
593 3382 732 3450 publicum
750 3382 850 3433 bouum
869 3378 1053 3449 spectantem?
1073 3382 1141 3431 Sunt
1166 3384 1239 3431 enim
1263 3380 1331 3430 haec
1353 3397 1426 3450 quam

358 3453 535 3503 remotissime
561 3452 634 3503 iuter
657 3469 685 3503 se
715 3451 850 3505 disiuncta
877 3459 904 3501 et
927 3450 1122 3516 insociabilia3
1147 3459 1175 3501 et
1199 3466 1288 3518 neque
1312 3466 1423 3519 unquam

357 3523 439 3574 simul
465 3521 612 3572 subsistere
642 3529 756 3591 possunt
798 3521 902 3573 utilitas
929 3530 957 3573 et
982 3520 1139 3590 iniquitas,
1165 3520 1310 3571 crudelitas
1335 3528 1360 3571 ct
1382 3520 1422 3569 iu-

356 3593 440 3649 stitia,
874 3604 876 3608 ’
1076 3644 1078 3651 ,

425 3663 449 3729 4.
484 3657 584 3731 „Quod
606 3658 630 3709 si
655 3674 719 3710 vero
742 3659 824 3711 etiam
843 3660 931 3711 nudus
959 3662 1079 3729 ipsorum
1099 3659 1202 3712 animus
1226 3668 1267 3713 est
1289 3662 1421 3730 exploran-

356 3728 422 3793 dus,
447 3730 499 3783 hoe
522 3746 631 3801 quoque
661 3730 721 3797 ipso
750 3730 863 3797 maligni
891 3732 1050 3800 nequissimi
1071 3747 1105 3781 ue
1138 3747 1195 3781 esse
1216 3732 1422 3792 convincentur,

356 3800 457 3917 puippe
475 3804 522 3871 qui
540 3800 653 3851 consilia
672 3800 757 3850 Persis
774 3808 847 3869 grata
865 3798 1009 3867 agitarint,
1034 3749 1102 3851 uico
1119 3806 1150 3849 ut
1174 3816 1208 3850 ne
1234 3802 1343 3852 Romani
1363 3803 1420 3870 qui-

375 3882 418 3917 em
436 3870 491 3921 sint
509 3867 664 3939 appellandi
681 3870 729 3919 isti
747 3869 928 3938 sanguinarii,
951 3887 1041 3939 neque
1066 3872 1152 3924 amica
1174 3870 1288 3922 societas
1312 3888 1365 3922 cunr
1387 3872 1420 3921 iis

354 3942 485 4005 tanquam
508 3938 684 4007 popularibus
712 3941 748 3989 sit
771 3936 917 3992 habenda:
944 3939 992 3991 sed
1014 3942 1112 3991 summi
1142 3940 1234 4008 potius
1260 3938 1348 3993 hostes
1368 3940 1419 3991 sint

354 4004 506 4073 censendi;
536 4008 756 4079 quondoquidem
782 4010 862 4060 etiam
883 4026 956 4061 nunc
987 4009 1123 4061 communi
1149 4020 1260 4062 naturae
1283 4012 1340 4080 loge
1360 4018 1418 4060 sunt

353 4076 480 4136 seiuncti,
505 4079 613 4127 tametsi
635 4079 754 4130 nondum
783 4097 798 4130 a
820 4079 897 4131 vobis
922 4081 1028 4149 scripta.
1068 4078 1222 4131 Adversarii
1250 4082 1323 4131 enim
1345 4088 1416 4147 atque

352 4144 444 4197 hostes
472 4160 505 4195 ex
533 4146 609 4196 factis
635 4158 699 4201 sunt
725 4148 907 4214 aestimandi,
937 4168 993 4201 non
1019 4168 1053 4202 ex
1083 4150 1203 4201 locorum
1233 4150 1416 4203 disiunctione.

353 4213 405 4267 ilic
430 4231 507 4278 vero,
536 4230 605 4285 quse
623 4225 698 4290 grets
720 4220 776 4273 siut
794 4218 917 4273 hostibus
942 4237 1045 4273 summo
1065 4220 1155 4273 studio
1182 4237 1342 4290 procursus,
1363 4236 1415 4270 me-
