3109 4950
485 288 767 357 susrommuu
798 274 913 361 suls.
1164 257 1252 346 ο33Δ

167 450 223 514 καὶ
245 450 361 514 ἕκαστα
378 445 630 530 διαγγείλανιες,
655 442 810 529 μεγιότων
834 442 1010 528 ἀνέπλησαν
1027 439 1063 507 τό
1085 436 1177 518 ἔθνος
1195 443 1283 506 et-A·
1299 441 1327 495 C·
1341 443 1392 499 555

167 546 276 613 nster.
1254 516 1274 567 ¹¹
1287 515 1350 585 [²9

250 642 297 729 ιγ’.
344 647 408 710 Turi
433 644 468 708 tt
491 633 567 730 ήρος
583 638 779 731 ἆρχσμὲνου,
812 641 925 711 αὐτίκα
944 643 974 707 οῖ
995 644 1056 707 τιόν
1079 636 1386 721 Ῥωμαιωνλ.ο.556

168 744 339 829 στρατηγοὶ
358 745 391 820 ἐς
417 735 516 807 ταότό
541 757 602 808 ’που
627 743 841 826 ξυνελθόντες,
875 742 1014 827 ἔγνωσαν
1038 736 1118 803 κατά
1140 722 1351 804 Ζλόισι-Ῑ·Ῑ·30

147 844 291 925 operarer
315 838 563 927 ἐπιστρατεύειν.
592 838 671 905 άλλά
688 839 814 925 Βοόζης
840 846 900 925 μὲν
915 840 971 907 καί
993 834 1159 914 Ἰουστῖνος
1187 835 1250 903 α’νά

167 938 227 1025 τήν
246 941 354 1024 Νῆσον
371 943 478 1021 μένειν
504 938 672 1023 ἐτετάχατο
680 990 690 1021 ,
724 940 955 1027 φρουρήσοντας
974 937 1015 1004 τά
1038 934 1170 1019 tetes,
1198 935 1254 1001 καὶ

170 1036 317 1105 ἁπάντων
332 1035 593 1123 ἐπιμελησόμενοι.
614 1040 795 1104 ἐστέλλοντο
808 1042 843 1104 δὲ
859 1042 913 1106 ἐπὶ
923 1037 977 1106 τόν
987 1036 1121 1120 πόλεμον
1134 1028 1271 1123 άνόρεςις

170 1139 203 1214 ἒς
223 1140 508 1223 τετρακισχιλίους,
536 1136 626 1217 πεζοὶ
640 1132 709 1220 άμα
730 1123 786 1205 irat*
806 1136 944 1205 ἱππόται·
972 1139 1008 1205 όν
1028 1145 1095 1212 τοῖς
1116 1128 1204 1202 άλλοι
1219 1158 1254 1199 τε

170 1226 254 1320 ἦσαν
269 1239 333 1302 τιὸν
350 1236 602 1323 γνωριμωτάτων
621 1228 699 1320 άγαν
708 1288 719 1320 ,
741 1236 798 1303 κατ’
812 1234 995 1318 Μαξόντιός
1011 1260 1046 1302 τε
1062 1234 1116 1301 καὶ
1126 1226 1254 1299 ’Θεόδω-

130 1356 244 1421 ιορος,
274 1334 293 1399 ό
309 1336 364 1419 τής
390 1335 559 1420 Τςαννικής
572 1334 735 1417 δυνάμεως
754 1335 973 1423 πρωτοστάτης
983 1388 993 1419 ,
1014 1331 1058 1413 ὥς
1070 1358 1124 1417 μοι
1138 1330 1254 1399 πολλά.

171 1457 221 1508 αις
235 1427 374 1520 ἐρρήθη,
396 1424 492 1519 όόμφω
507 1432 662 1517 πολεμικά
686 1437 742 1500 καί
755 1432 925 1522 ταξιάρχω.
943 1433 999 1500 καὶ
1011 1432 1041 1500 σῖ
1056 1437 1116 1515 μὲν
1133 1429 1253 1515 εἴχοντο

170 1534 228 1616 τῆς
247 1533 364 1610 ἐξόδου·
391 1524 505 1616 ήμελλε
526 1534 560 1597 δὲ
581 1528 691 1611 αότοῖς
708 1529 764 1599 οὖν
787 1538 820 1611 ἐς
834 1532 960 1621 μακρόν
977 1532 1033 1599 καί
1052 1531 1070 1597 ό
1090 1535 1255 1617 Μαρτῖνος

171 1627 394 1715 ἐπιστήσεσθαι
410 1628 454 1706 σός
469 1628 667 1716 ἡγησόμενος.
701 1631 746 1717 σός
763 1626 802 1697 dv
818 1634 853 1698 δὲ
867 1634 948 1717 μηδὲ
965 1630 1043 1719 πρός
1060 1628 1166 1717 βραχό
1180 1633 1255 1714 γοῦν

172 1726 402 1815 ἀστρατήγητοι
423 1722 503 1810 εἶεν,
532 1720 644 1815 άρχειν
665 1732 729 1797 τῶν
751 1723 831 1797 όλων
852 1732 1021 1817 ἒλαχὲτην,
1057 1734 1116 1805 ἕως
1132 1726 1180 1793 ἔτι
1201 1726 1253 1792 did

133 1831 225 1913 τότής
237 1824 376 1911 όπηιιόσυ
394 1826 587 1915 πσρεόοιντο,
607 1827 759 1916 Βαράζης
773 1854 808 1894 τε
820 1824 899 1915 ἆνήρ
924 1825 1088 1917 Ἀρμένιος
1104 1826 1159 1892 κατ’
1171 1825 1257 1892 Κόλ-

167 1950 227 2009 χος
242 1922 439 2012 Φαρσάντης,
457 1922 531 1992 edre
543 1925 646 1994 πόνων
662 1922 758 2017 άρετῇ
774 1922 848 1993 οὕτε
863 1931 901 2017 τῇ
916 1922 995 2018 άλλη
1006 1927 1134 2010 [terdon
1151 1922 1250 1991 άπάν-

170 2047 233 2090 των
242 2027 305 2090 τοόν
315 2028 597 2113 ξυστρατευσμὲνον
611 2025 807 2113 προήκοντες,
827 2030 1013 2111 μᾶλλονμὲν
1025 2021 1082 2093 οὖν
1096 2023 1248 2092 esserunt
1256 2042 1278 2097 c

171 2121 407 2205 ἒλασσοόμενοι.
434 2124 452 2189 ό
469 2129 531 2209 μὲν
551 2124 612 2213 γάρ
628 2128 663 2193 ἒν
678 2134 821 2211 λοχαγοῖς
844 2128 941 2193 ἐτέλει
963 2125 983 2191 ό
1002 2125 1162 2212 Βαράζης,
1183 2118 1255 2187 dre-

171 2244 227 2308 ρος
248 2222 283 2285 dd
306 2226 369 2288 sois
386 2226 446 2306 μὲν
469 2226 504 2291 ἒν
524 2228 565 2313 τῇ
586 2219 668 2311 αόλῇ
685 2223 853 2308 ταγμάτων
875 2229 933 2291 τοῦ
956 2226 1076 2304 Λαζῶν
1099 2216 1254 2305 βασιλέως

128 2320 281 2405 τοήγεῖτο·
312 2319 500 2410 (μάγιστρος
512 2314 610 2405 ὄνομα
630 2324 668 2411 τῇ
689 2317 785 2411 οἷρχή·
805 2324 995 2407 νενόμισται.
1009 2320 1069 2408 γάρ
1084 2323 1176 2403 τοῦτο
1199 2317 1257 2384 καί

170 2417 256 2516 παρά
270 2429 334 2499 τοῖς
348 2419 449 2511 ταύτῃ
463 2420 660 2512 βαρβάροις)
683 2416 722 2488 ori
736 2420 801 2509 μὴν
817 2424 850 2499 ἐς
869 2423 1016 2490 τοσοῦτον
1032 2417 1120 2511 adegi
1136 2416 1254 2506 φρονή-

242 2559 263 2594 ι.
283 2540 440 2606 ἐνέπλησαν
453 2543 482 2593 li.
531 2546 577 2614 ¹6.
597 2541 813 2616 φρουρήσαντιι
832 2545 861 2596 R.
948 2548 977 2601 8.
995 2541 1150 2597 triamillia
1167 2542 1252 2610 Intpr,
1291 2559 1326 2573 -·

243 2610 520 2666 rueretrueret.
601 2616 638 2683 τό.
655 2613 764 2676 duell„
782 2614 820 2670 os
837 2615 909 2685 vulg.
983 2616 1021 2668 15.
1047 2614 1096 2664 Pro
1118 2614 1194 2664 rell.
1213 2609 1252 2663 di.

244 2699 283 2750 ¹7·
303 2686 535 2753 στρατευομένων
552 2686 583 2742 ll.
658 2689 697 2741 re.
714 2683 809 2757 ἕτερος
827 2685 855 2739 R.
942 2702 983 2739 nr.
1003 2683 1079 2752 αὐτῷ
1096 2699 1146 2754 φρ.
1166 2695 1196 2734 τε
1213 2683 1254 2745 Β,

241 2767 327 2822 φρον.
342 2769 365 2802 τ.
383 2752 460 2822 αὐτῷ
477 2754 548 2824 vulg.
1214 2769 1217 2783 ¹

172 2878 326 2945 opportune
347 2869 493 2925 habituros.
532 2873 658 2928 Oratores
681 2877 774 2946 itaque
801 2874 835 2928 ad
856 2877 920 2932 suos
935 2877 1049 2939 reversi,
1065 2872 1125 2928 enm
1144 2871 1250 2943 singula

171 2943 387 3004 renuntiassent,
403 2946 520 2998 maxima
541 2962 589 3014 ιρε
611 2953 718 3016 gentem
737 2947 885 3016 replerunt

245 3014 282 3064 13.
313 3011 433 3065 'Ineunte
452 3023 543 3068 autem
560 3033 639 3078 vere,
662 3017 753 3069 statim
771 3018 951 3068 Romanorum
971 3014 1103 3084 praefecti
1120 3015 1150 3065 iu
1169 3026 1254 3062 unum

170 3083 259 3135 coacti
283 3083 431 3136 exercitum
457 3087 487 3139 in
512 3087 683 3139 Misimianos
704 3084 867 3139 mittendum
893 3092 1056 3137 statuerunt.
1107 3083 1146 3134 Ao
1167 3083 1252 3133 Buaes

171 3151 283 3223 quidem
300 3163 328 3207 et
347 3155 465 3206 Iustinus
486 3157 559 3224 apud
581 3157 699 3209 Insulam
717 3173 826 3208 manere
843 3163 908 3209 suut
925 3157 1008 3216 iussi,
1027 3151 1165 3223 praesidio
1183 3151 1252 3200 locis

170 3224 227 3279 illis
247 3225 347 3288 futuri,
368 3226 459 3277 omnia
480 3241 514 3277 ue
535 3224 682 3295 diligenter
700 3226 840 3291 curaturi3
867 3227 950 3279 missa
966 3242 1030 3276 vcro
1050 3229 1115 3274 sunt
1135 3218 1170 3272 ad
1191 3218 1253 3269 bel-

171 3293 229 3345 lum
246 3295 371 3364 peditum
396 3244 479 3347 simud
497 3304 526 3347 et
545 3297 669 3378 equitum
694 3297 782 3363 millia
804 3302 939 3365 quatuor,
963 3295 1036 3346 inter
1062 3309 1131 3363 quos
1151 3297 1180 3342 et
1203 3289 1254 3340 alii

171 3371 250 3417 erant
265 3364 375 3418 maximi
393 3365 512 3421 nominis
535 3367 595 3430 viri,
620 3375 649 3419 ct
673 3366 829 3418 Maxentius
848 3382 880 3418 ae
901 3363 1061 3418 Theodorus
1078 3360 1263 3414 Zannicarume

170 3436 310 3503 oopiarum
328 3435 394 3496 dux,
419 3437 521 3488 utiam
543 3453 625 3506 saepe
644 3437 710 3503 diri3
729 3436 856 3488 bellicosi
874 3435 955 3486 ambo
974 3443 1002 3487 ct
1014 3433 1141 3487 ordinum
1159 3428 1251 3483 duces.

169 3503 261 3621 Δλιριε
279 3504 309 3556 hi
329 3505 443 3573 quidem
461 3505 662 3575 expeditionem
676 3505 790 3576 aggressi
812 3512 883 3559 suut.
918 3502 1073 3558 Videbatur
1087 3509 1177 3555 autem
1195 3516 1253 3550 non

168 3588 216 3625 mu
229 3579 257 3622 to
284 3582 346 3641 post
372 3577 456 3628 etiam
479 3577 609 3630 Martinus
635 3579 645 3629 i
666 3578 701 3630 sis
730 3576 935 3644 adiungendus,
960 3583 994 3631 ut
1018 3575 1116 3627 ductor
1137 3572 1253 3623 futurus.

168 3640 212 3695 Ne
231 3657 295 3691 vero
314 3643 357 3694 vel
377 3643 412 3694 ad
434 3646 517 3699 breve
542 3596 663 3717 aliquodl
676 3656 783 3716 tempus
807 3645 876 3698 duce
899 3647 1113 3698 destituerentur
1131 3676 1141 3704 ‚
1167 3642 1258 3710 impe·

169 3711 242 3765 rium
265 3711 348 3762 totius
370 3719 523 3779 exercitus,
550 3711 680 3787 quamdiu
700 3735 749 3790 per
771 3718 943 3770 subditorum
976 3717 1113 3786 regionem
1137 3712 1190 3762 iter
1211 3710 1254 3762 fa-

170 3787 278 3842 cerent,
296 3780 331 3833 ad
348 3783 473 3838 Barazem
490 3786 648 3840 Armenium
669 3797 697 3840 et
714 3789 887 3841 Pharsantem
905 3785 1037 3840 Colchum
1055 3792 1098 3835 est
1116 3781 1255 3845 delatum,
1330 3819 1334 3829 ι

169 3851 219 3921 qui
241 3865 331 3918 neque
353 3849 453 3904 bellice
474 3859 574 3910 virtute
593 3875 682 3929 neque
707 3860 760 3910 alia
779 3860 913 3928 dignitate
933 3855 1060 3909 omnibus
1079 3853 1159 3906 sociis
1176 3869 1256 3920 prae·
1307 3867 1318 3887 r

169 3919 297 3980 stabant,
323 3920 407 3978 immo
428 3940 493 3976 vero
510 3928 651 3981 nonnullis
676 3937 754 3980 eraut
775 3929 927 3980 inferiores.
963 3922 1032 3974 Nam
1053 3926 1163 3975 Barazes
1181 3923 1255 3973 inter

168 3990 312 4044 turmarios
336 3991 498 4045 censebatur
505 4032 516 4061 ,
545 3997 613 4048 alter
633 4013 698 4048 vero
720 3997 750 4049 in
777 3998 840 4048 sula
864 3996 972 4065 agmina
996 3995 1066 4064 regis
1092 3993 1256 4045 Colchorum

170 4060 321 4127 ductabat3
350 4062 492 4133 (Magister
520 4064 647 4132 dignitati
671 4072 712 4126 est
736 4082 859 4130 nomen3
888 4067 1018 4116 usitatum
1043 4065 1116 4116 euim
1142 4064 1195 4115 hoc
1214 4068 1256 4111 cst

171 4129 230 4182 eius
246 4131 301 4184 loci
323 4130 467 4203 barbaris,)
487 4136 564 4203 atqui
582 4152 638 4186 uon
657 4139 761 4186 tantum
787 4142 835 4186 aut
856 4133 1018 4204 prudentiae
1040 4143 1089 4187 eut
1115 4131 1255 4184 confiden-

170 4199 225 4258 ιλιι
254 4201 320 4259 huit
336 4204 437 4272 lueret,
462 4212 496 4260 ut
515 4204 643 4266 audantes
673 4203 753 4260 etiem
781 4207 901 4266 nomene
935 4205 1067 4289 euertitui
1101 4206 1254 4273 inperaret.
