3109 4950
485 367 768 433 rusroannnu
797 372 850 434 rv.
878 379 929 443 ru
1172 341 1254 429 235

165 523 327 587 τάναντιοι
344 518 627 602 μεταβαλλόμενον.
647 521 798 598 πολλάκις
812 520 873 604 μέν
895 521 956 610 γάρ
980 530 1045 602 τοῖς
1073 524 1256 609 Ῥωμαίοις,
1264 544 1295 595 Δ.
1305 543 1334 595 C.
1342 541 1396 604 55⁶

163 618 320 695 πολλάκις
335 621 370 683 di
390 628 456 693 τοῖς
469 620 615 705 Πέρσαις
631 626 700 687 Ικατ’
719 620 862 706 άλλὴλων
882 624 1167 707 παραταττομένοις
1183 615 1313 701 ξυν-Μ
1324 618 1358 671 3⁰

161 718 291 803 η’ραντο
315 715 391 792 τούς
411 716 551 800 άγιόνας,
581 720 615 784 ἐν
634 712 724 807 όλίγιρ
746 722 789 808 τῷ
805 718 924 802 μεταξό
945 717 1049 809 χρόνῳ
1075 723 1127 805 ἐφ’
1149 716 1257 787 ἐκατέ-

162 842 248 903 ρους
271 809 441 903 τραπέντες
461 818 517 879 καί
529 817 811 917 μισθαρνὴσαντες.
830 818 884 883 καί
904 812 960 884 σάν
978 819 998 905 ἦ
1015 823 1153 905 προτέρα
1166 819 1255 907 μαχὴ

139 913 249 987 5κατά
267 917 404 1000 Περσῶν
421 914 530 989 αὐτοῖς
550 915 738 1000 ἐπολεμήθη,
761 912 815 979 ὅτε
832 916 965 994 πολλοὺς
984 919 1046 983 τῶν
1066 922 1258 999 Λιλιμνιτῶν

161 1012 363 1089 ἐπελθόντας
386 1012 478 1100 σφίσι
495 1016 692 1079 κατέκτεινον
711 1018 745 1079 ἐν
763 1019 802 1101 τῇ
816 1020 1026 1107 νυκτομαχίᾳ,
1053 1013 1096 1091 άς
1108 1040 1165 1097 μοι
1183 1019 1284 1089 isa-13

161 1142 228 1180 στα
252 1111 505 1199 προδεδιήγηται.
526 1112 643 1177 ἐκείνου
669 1115 704 1177 δὲ
723 1116 779 1179 rori
800 1113 893 1201 ἔργον
912 1118 1009 1203 πέρας
1032 1113 1197 1197 λαβόντος,
1219 1118 1259 1180 ά·-

162 1213 279 1299 φίεντο
297 1215 357 1294 μὲν
372 1208 433 1275 όπό
459 1210 627 1292 Ῥωμαίων
647 1209 685 1277 τά
710 1214 896 1297 συγκείμενα
915 1214 1134 1296 κομισάμενοι,
1163 1216 1259 1280 πάλιν

162 1314 203 1375 δὲ
238 1322 302 1386 τοῖς
332 1309 425 1399 όλίγιρ
455 1307 635 1397 ἐμπροσθεν
663 1315 908 1395 πολεμιωτάτοις
936 1313 1129 1394 ξυνείποντο,
1158 1310 1258 1397 τυχόν

122 1414 230 1492 ιομὲν
251 1408 280 1473 οἱ
296 1410 405 1491 αὗταί,
426 1407 523 1493 τυχὸν
541 1412 576 1474 δὲ
594 1411 709 1497 ἕτεροι,
731 1408 881 1499 Σάβειροι
899 1414 933 1478 δὲ
950 1408 1035 1494 ὅμως
1052 1404 1136 1487 όντες
1151 1414 1205 1477 καί
1222 1414 1257 1477 ἐκ

159 1510 224 1572 τοῦ
243 1509 393 1593 σφετέρου
413 1505 527 1583 ἐθνους
541 1510 574 1585 ἐς
589 1506 646 1593 τὴν
666 1510 851 1592 ξυμμαχίαν
867 1503 1101 1594 άπεοταλμένοι.

250 1608 301 1671 ιδ’.
340 1604 463 1671 Τοάτων
481 1604 519 1691 dr}
540 1598 594 1671 οὖν
606 1608 838 1694 τοῖνΣαβειρων
857 1600 967 1696 ἄνδρες
983 1611 1017 1685 ές
1033 1612 1255 1685 πεντακοσίους

159 1712 197 1773 ἐν
212 1702 362 1794 άπαίθρῳ
381 1705 446 1770 τινί
467 1711 712 1792 περιαυλίσματι
735 1703 846 1793 πόρ’ῥω
872 1732 931 1772 που
954 1711 1018 1771 τῶν
1039 1702 1142 1773 άλλων
1159 1733 1255 1794 στρα-

158 1807 329 1887 τευμάτων
348 1804 520 1889 ἐτύγχανον
539 1808 750 1890 ἐσκηνημένοι.
774 1805 794 1867 ὃ
812 1803 849 1892 dr}
871 1806 1037 1895 Μαξεντάρ
1053 1832 1086 1870 τε
1105 1804 1159 1870 καί
1174 1808 1254 1871 Θεο-

120 1905 257 1993 ιὸθάρτρ
275 1907 457 1991 σαφέστατα
474 1904 687 1988 ἐγνωσμένον,
717 1906 772 1969 καί
790 1900 841 1968 ότι
863 1897 997 1970 άνοπλσν
1016 1900 1098 1970 οὕτω
1119 1931 1185 1981 πως
1199 1902 1255 1969 καί
1282 1942 1287 1951 ·

161 1999 331 2086 άνειμένην
357 1999 428 2067 τινά
450 2001 577 2067 δίαιταν
602 1995 729 2087 άγοντες
754 2005 968 2088 διατελοῦσιν,
997 1997 1131 2090 ἤλαυνον
1153 2003 1255 2081 εάθύς

160 2103 212 2167 ἐπ’
232 2098 347 2175 αάτοός
372 2099 567 2187 τριακοσίους
593 2099 780 2184 ἐπαγόμενοι
813 2103 955 2179 ἱππότας.
996 2104 1195 2190 περιστάντες
1219 2107 1255 2168 δὲ

159 2198 267 2289 κάκλιρ
286 2197 321 2264 τό
341 2194 508 2287 ἓρκος,,(η’ν
525 2198 586 2286 γάρ
604 2196 641 2264 οὗ
659 2200 728 2265 λίαν
746 2203 779 2277 ἐς
799 2197 883 2287 ὕψος
900 2203 1023 2288 άνέχον,
1044 2198 1115 2266 ἀλλ’
1127 2205 1161 2277 ἐς
1179 2195 1283 2266 duone

158 2298 295 2366 ἱππότου
310 2294 423 2386 άνιλρός
434 2298 582 2365 ἔκτοσθεν
596 2299 804 2387 ἐφεστηκότος
828 2299 863 2366 τὸ
881 2299 1045 2388 πρόσωπον
1060 2302 1254 2387 άπερφαίνε-

116 2400 270 2490 wodor)
289 2395 385 2490 τούτῳ
410 2397 449 2486 δι’]
470 2390 527 2463 σάν
548 2399 746 2482 πελάσαντες,
767 2398 897 2483 ἔβαλλον
914 2402 1066 2464 πάντοθεν
1083 2396 1156 2475 τοός
1171 2406 1253 2488 βαρ-

156 2500 284 2587 βάρους
309 2496 463 2578 άκοντίοις
484 2524 517 2563 τε
538 2503 593 2564 καί
606 2498 711 2575 λίθοις
732 2503 788 2568 καί
812 2500 998 2582 τοξεύμασι,
1020 2500 1076 2564 καί
1093 2498 1190 2563 παντί
1207 2501 1254 2587 τῷ

156 2597 382 2689 προστυχόντι.
404 2598 433 2664 οἱ
450 2601 486 2663 δέ
503 2586 558 2666 σάν
580 2603 707 2678 πλειόυς
726 2595 900 2676 εἶναιτοὺς
919 2597 1110 2674 ἐπελθόντας
1127 2593 1149 2683 ἢ
1168 2595 1251 2664 κατά
1334 2657 1336 2669 ,

232 2737 257 2773 2.
276 2716 522 2788 παραταττόμενοι
540 2721 570 2770 Β.
668 2722 693 2772 6.
720 2721 769 2772 Pro
788 2721 973 2773 κατέκτεινον
990 2719 1020 2770 R.
1040 2714 1104 2766 κατ’
1120 2716 1250 2774 ἐκείνοις.
1272 2752 1273 2760 .

234 2793 273 2844 ι6.
291 2790 333 2841 ἐπ’
350 2784 454 2846 adrosis
472 2786 560 2847 είθὺς
578 2792 605 2842 R.
665 2808 703 2859 ιο
725 2791 847 2845 ἔκτοθεν
863 2791 892 2842 rt
948 2807 989 2843 m.
1008 2781 1060 2842 οὖν
1080 2786 1117 2841 ου’
1133 2788 1252 2846 πλείους

231 2861 307 2914 leet
328 2860 493 2931 Lugd,sed
515 2877 568 2932 mg.
593 2853 709 2914 οὗνπλ

158 2987 190 3040 in
210 2987 346 3038 contraria
364 2985 480 3040 subinde
498 2994 626 3040 mutatur.
662 2987 834 3057 Frequenter
857 2988 930 3038 enirn
953 3005 1013 3038 cunr
1029 2987 1164 3049 Romanis,
1191 2988 1249 3040 fre-

161 3066 282 3130 quenter
298 3073 360 3109 vero
381 3075 441 3109 cunr
458 3060 554 3120 Persis,
573 3059 645 3109 inter
663 3074 721 3109 sese
743 3059 848 3109 beilum
866 3059 1032 3127 gerentibus,
1051 3057 1187 3126 proelium
1203 3060 1250 3108 in-

157 3129 267 3191 ierunt,
295 3136 322 3180 et
350 3128 445 3198 exiguo
472 3129 601 3197 temporis
621 3129 709 3195 spatio
733 3129 896 3196 interposito
916 3127 998 3178 modo
1018 3126 1073 3189 his,
1093 3124 1174 3177 modo
1192 3125 1249 3179 iliis

156 3200 352 3250 mercenariam
367 3216 443 3250 suam
459 3215 567 3269 operam
579 3198 712 3249 locarunt.
751 3197 824 3248 Nom
842 3198 934 3266 priore
953 3196 1027 3246 bello
1050 3194 1176 3246 adversus
1185 3196 1250 3247 Per·

157 3284 198 3318 sas
219 3277 388 3338 pugnarunt,
409 3286 469 3320 eum
487 3269 586 3319 multos
610 3269 815 3319 Dilimnitarum
839 3269 869 3317 in
896 3283 923 3317 se
952 3267 1087 3317 irruentes
1113 3273 1247 3317 nocturno

154 3339 263 3404 proelio
283 3339 466 3400 trucidarunt,
487 3337 718 3410 quemadmodum
732 3331 814 3406 'supra
833 3336 949 3392 narravi.
993 3335 1055 3405 Quo
1074 3335 1166 3386 statim
1184 3334 1247 3386 bel·
1324 3348 1327 3353 “

154 3407 182 3458 lo
204 3410 344 3472 confecto,
365 3409 470 3461 dimissi
488 3408 600 3479 quidem
619 3417 716 3459 sunta
738 3407 873 3470 Romanis,
890 3404 1025 3470 mercede,
1047 3403 1081 3456 de
1101 3422 1154 3474 qua
1173 3406 1248 3457 inter

153 3477 232 3546 ipsos
248 3487 418 3543 convenerat,
442 3489 562 3549 acceptu
582 3489 678 3547 postea
697 3487 788 3529 autem
810 3480 929 3562 eos,qui
948 3485 1026 3528 antea
1044 3477 1111 3544 ipsis
1136 3477 1248 3528 fueraut

156 3547 282 3598 acerrimi
305 3547 411 3613 hostes,
438 3559 503 3601 sunt
519 3552 622 3614 secuti,
647 3549 702 3600 sive
723 3547 752 3598 hi
771 3549 844 3616 ipsi,
875 3565 931 3600 srve
949 3548 1015 3612 alii,
1041 3546 1130 3598 sabiri
1154 3553 1247 3599 tamen

156 3622 185 3666 et
204 3631 238 3666 ex
257 3633 304 3666 sua
324 3627 402 3686 gente
423 3619 457 3670 ad
474 3621 573 3672 sociale
592 3637 653 3672 cum
671 3620 757 3670 Persis
776 3620 882 3670 bellum
899 3620 981 3670 missi.

231 3700 269 3767 rlp.
303 3703 342 3752 Ex
355 3703 397 3754 his
413 3707 507 3777 itaque
524 3707 625 3759 Sabiris
639 3705 691 3757 viri
709 3706 851 3776 quingenti
870 3707 900 3757 in
919 3704 1027 3758 stabulo
1046 3701 1163 3773 quodam
1178 3702 1245 3755 sub-

155 3762 220 3822 divo
237 3771 406 3840 iougiuscule
419 3795 434 3828 a
447 3778 552 3847 reliquo
566 3781 687 3829 exercitu
707 3777 803 3830 dissito
815 3777 1007 3840 consederant3
1031 3773 1106 3843 quod
1130 3774 1243 3857 quidem

154 3858 218 3891 cum
241 3839 396 3893 Maxentius
425 3855 453 3897 et
473 3847 633 3899 Theodorus
654 3849 734 3916 plane
758 3849 960 3916 cognovissent,
984 3843 1113 3913 quodque
1133 3845 1173 3895 rbi
1191 3861 1247 3912 po.

155 3910 216 3962 s'itis
242 3911 321 3964 armis
346 3915 514 3983 negligenter
532 3919 669 3979 viverent,
692 3919 835 3968 confestim
853 3917 883 3968 in
911 3935 956 3967 eos
977 3923 1112 3965 trecentos
1135 3916 1242 3985 equites

155 3979 303 4040 duxerunt.
337 3983 415 4044 Muro
426 3987 522 4055 ‚itaque
538 3988 568 4040 in
586 3987 679 4038 orbem
692 3989 875 4049 circumsesso,
893 3986 1081 4054 (nequeenim
1099 3985 1146 4036 ille
1164 3985 1243 4037 vaide

157 4057 217 4103 orat
233 4053 313 4116 altus,
334 4051 382 4104 sed
398 4055 436 4104 ita
450 4063 565 4120 tautum,
580 4066 612 4108 ut
625 4058 725 4126 equitis
741 4065 817 4107 extra
831 4057 928 4106 stantis
947 4055 1029 4123 facies
1044 4057 1163 4123 prospici
1177 4073 1242 4123 pos-

156 4123 217 4206 set)
230 4123 304 4186 huic,
318 4125 439 4196 inquam,
455 4141 531 4175 muro
545 4127 803 4194 appropinquantes,
821 4125 896 4176 omni
911 4133 1032 4196 exparte
1050 4126 1179 4178 barbaros
1199 4126 1241 4174 ia-

157 4193 239 4256 culrs,
258 4195 345 4258 saxis,
366 4195 470 4266 sagittis
494 4202 522 4246 et
544 4198 639 4265 quovis
662 4195 716 4247 alio
732 4195 849 4247 telorum
869 4213 967 4266 genere
989 4197 1132 4248 feriebant
1170 4194 1241 4244 Tum

157 4256 187 4312 hi
207 4265 298 4333 piures
316 4281 374 4319 esse
389 4265 499 4332 hostes,
517 4282 599 4340 quam
616 4275 818 4330 reverterant,
842 4268 974 4338 suspicati
991 4266 1128 4337 simulque
1146 4263 1239 4333 inopi·
