3109 4950
500 321 800 388 ursromluurr·
813 327 867 388 ur.
887 333 941 407 ⁴12.
1205 295 1282 382 165

206 480 326 543 κίσθαι.
355 469 438 540 ούτω
461 475 521 560 γάρ
540 475 618 559 ῆμῖν
643 479 881 558 βουλευομένοις
911 475 1025 543 αύτίκα
1046 485 1212 564 perseus,
1240 464 1422 557 ῶςΑΜδη

207 568 281 640 orire
293 577 327 638 ἐκ
347 577 410 638 τῶν
431 573 623 653 Ῥωμαϊκῶν
635 573 822 656 ταγμάτων,
851 567 923 640 orire
943 574 1009 660 μην
1024 579 1085 641 τῶν
1104 579 1284 663 στρατηγῶν
1303 555 1351 630 M}
1364 561 1396 613 ²⁸

204 669 369 752 ἁπάντων,
404 673 507 758 πολλῶ
528 673 564 735 δέ
578 695 613 754 γε
632 675 753 752 μᾶλλον
777 666 853 739 ούδὲ
875 675 932 738 τού
954 677 1044 759 σφῶν
1067 678 1221 756 βασιλέως
1244 672 1284 739 τοὶ

201 774 258 855 τῆς
270 772 438 861 ἐπιβουλῆς
455 771 509 834 ἐπί
519 771 551 834 Γ
548 767 684 854 ουβάζην
705 773 849 856 συνέστη.
869 772 1132 858 διατεθρύλληται
1147 771 1205 860 γάρ
1222 766 1283 860 ἤδη

149 860 152 864 4
181 871 278 955 5παρ’
297 869 408 943 αύτοῖς
428 871 486 932 καί
506 867 758 953 ἀνωμολόγηται,
779 869 824 945 ῶς
835 868 1017 948 Ῥούστικος
1039 872 1094 936 καί
1109 877 1282 962 Μαρτῖνος,

199 964 412 1052 βασκήναντες
437 965 523 1054 αύτῷ
541 968 597 1050 τῆς
620 965 788 1050 εύτυχίας,
826 969 871 1044 εἷς
896 968 1141 1053 αύτεπάγγελτον
1163 963 1283 1060 ἤλασαν

200 1066 455 1146 κακοδαιμονίαν,
475 1067 537 1130 τῶν
555 1057 659 1130 ἀλλων
672 1063 832 1150 ἡγεμόνων
848 1065 911 1150 ούχ
929 1061 1282 1159 ύπωςὶσυλλαβομὲνων,

197 1161 279 1227 ἀλλά
287 1162 344 1228 καί
355 1167 538 1249 περιφανῶς
553 1163 755 1230 ἀνιαθέντων.
776 1157 884 1232 ἀδικον
904 1160 962 1231 σύν
980 1163 1069 1248 οἶμαι
1085 1170 1141 1236 καί
1158 1164 1233 1255 πρύς
1248 1191 1282 1250 γε
1311 1173 1315 1188 ¹

198 1256 404 1349 ἀσύμφορον,
425 1260 496 1338 ἐνδς
513 1265 548 1341 ἔξ
558 1263 707 1329 ἀπάντων
723 1260 840 1350 ἀνδρὸς
854 1260 877 1350 ἢ
894 1269 950 1331 καί
965 1269 1055 1332 δυοῖν
1065 1264 1161 1351 τυχὸν
1178 1265 1283 1352 ἦμαρ-

160 1359 347 1441 ιοτηκύτοιν,
368 1363 533 1448 ἐξυβρίσαι
548 1363 609 1443 μὲν
628 1363 674 1438 εἰς
690 1360 764 1438 τούς
785 1361 906 1438 κοινούς
927 1362 1053 1448 νόμους,
1073 1361 1126 1440 oric
1144 1367 1283 1450 στέργειν

196 1459 418 1544 προύθίμεθα,
446 1463 604 1525 πολιτείαν
625 1464 661 1526 δὲ
681 1461 851 1543 σύμπασαν
869 1463 926 1529 καί
942 1464 1068 1532 δίοιιταν
1091 1461 1214 1546 συνήθη
1230 1459 1285 1526 καί
1292 1477 1316 1539 Ρ.
1325 1476 1360 1536 87

197 1556 293 1643 φίλην
309 1552 392 1622 ούτω
408 1583 476 1634 πως
494 1558 611 1648 ῥαδίως
632 1558 936 1644 ἀποσκευάσασθαι,
965 1565 1028 1628 τῶν
1047 1565 1082 1630 δὲ
1100 1563 1155 1646 την
1174 1557 1284 1647 χῶραν

196 1651 440 1740 φρουρούντων,
461 1659 517 1725 καί
533 1657 667 1734 πολλούς
683 1653 776 1735 ύσους
794 1657 947 1725 κινδύνων
963 1660 1218 1745 ἀναδεχομένων,
1240 1657 1283 1738 ῶς

196 1746 236 1817 ἀν
250 1754 327 1836 ἡμῖν
349 1757 385 1820 ἐν
407 1751 563 1845 εύπαθείᾳ
583 1754 736 1840 βιοτεύειν
749 1760 819 1846 ε’ξῇ,
849 1757 1002 1846 προδότας
1023 1762 1201 1844 δειχθῆναι,
1229 1754 1285 1832 καί

158 1847 232 1922 15τὸ
249 1850 287 1936 δη
306 1852 432 1918 πάντων
446 1854 670 1942 ἀνοσιώτερον,
700 1857 796 1940 δόξαν
813 1857 914 1944 ὄρθην
935 1858 1014 1944 πρὸς
1040 1851 1204 1943 εύσέβειαν
1227 1855 1284 1922 καί

194 1947 251 2032 την
269 1952 333 2014 τῶν
355 1949 447 2036 ἱερῶν
463 1952 651 2036 ἀπορρήτων
670 1951 845 2038 σεμνότητα
859 1958 1099 2043 περιφρονῆσαι.
1131 1959 1198 2030 πῶς
1216 1951 1278 2040 γάρ

196 2048 236 2112 ού
259 2050 352 2112 τούτο
372 2046 563 2134 φανούμεθα
594 2052 745 2136 δρῶντες,
782 2053 813 2116 εἰ
832 2053 1114 2138 προσχωρησαιμεν
1140 2063 1206 2128 τοῖς
1224 2055 1281 2115 τού

195 2146 369 2262 κρειττονος
384 2145 640 2228 ἐναντιωτάτοις,Ι
660 2151 691 2214 εἰ
708 2148 845 2235 μὲνγὰρ
866 2151 1093 2216 διακωλύσαιεν
1109 2150 1191 2235 ἡμᾶς
1210 2157 1280 2224 ταῖς

194 2255 306 2320 αυταῖς
324 2245 497 2328 ἁγιστείαις
513 2247 676 2327 ἐμμένειν,
706 2246 763 2312 καί
776 2249 1011 2334 μεταστησαιεν,
1031 2245 1109 2334 πρὸς
1129 2245 1185 2332 την
1202 2271 1281 2333 σφε-

155 2345 310 2427 αοτέραν,
340 2343 378 2408 τί
392 2343 506 2408 τούτου
525 2340 703 2425 πεισόμεθα
721 2342 960 2432 χαλεπώτερον,
992 2343 1151 2431 περιόντες
1173 2343 1284 2408 τεκαὶ

193 2441 374 2527 τεθνηκότες
381 2468 392 2523 ,·
420 2443 504 2507 τίδὲ
528 2445 739 2529 κερδανοῦμεν
763 2439 892 2509 δπασαν
909 2441 967 2531 τη“ν
983 2445 1131 2533 Περσίδα
1159 2445 1282 2531 (θῶμεν

192 2536 250 2627 γὰρ
277 2537 376 2628 ούτω)
392 2539 684 2627 προσλαμβάνοντες
692 2594 702 2623 ,
730 2540 788 2618 τάς
813 2544 849 2605 δὲ
872 2541 981 2627 φοχάς
1001 2547 1225 2629 ἑζημιωμὲνοι,·
1253 2544 1308 2615 είΒ

265 2663 291 2702 1.·
307 2644 379 2714 ἡμῖν
395 2647 424 2695 R.
444 2653 472 2697 et
487 2646 576 2715 Intpr,
592 2643 664 2715 ύμῖν
679 2646 752 2715 vulg.
789 2646 815 2697 6.
835 2642 943 2709 ἤλασαν
960 2648 990 2700 R.
1010 2646 1086 2717 (ct),
1104 2644 1191 2711 ἤλασε
1208 2646 1281 2713 vulg.

265 2735 291 2785 η.
310 2714 524 2785 συλλαβομίνων
542 2718 583 2778 11,
607 2716 885 2786 συλλαμβανομένων
898 2717 969 2785 vulg.
1074 2736 1101 2785 9.
1122 2713 1282 2785 ἀσύμφορα

397 2784 661 2854 reportaremur
678 2814 714 2825 -
729 2784 882 2855 δειχθῆναι
902 2804 953 2839 om.
973 2787 1002 2839 R.
1033 2787 1118 2855 Igitur
1138 2782 1282 2837 κινδύνων

262 2856 335 2907 aolus
357 2852 440 2923 Lngd.
458 2870 579 2925 proquo
598 2854 638 2907 cl.
665 2872 731 2908 corr.
750 2854 911 2917 κινδύνους.
988 2855 1030 2928 τίη.
1048 2856 1114 2927 ἐξῆν
1140 2856 1203 2927 sph.
1222 2856 1280 2910 Par.

265 2942 304 2994 ιγ.
324 2924 475 2995 φακούμεν
491 2926 523 2981 R.
794 2929 799 2938 ’

192 3018 269 3091 qnod
295 3036 385 3090 neque
418 3037 434 3072 a
463 3022 588 3073 Romanis
618 3021 790 3091 legionibus,
823 3038 914 3092 noque
945 3040 961 3075 a
985 3021 1128 3089 praefectis
1163 3022 1274 3073 univer-

192 3093 243 3153 sis,
269 3092 356 3141 multo
378 3104 442 3140 vero
467 3091 556 3141 minus
580 3090 614 3141 ab
640 3094 701 3161 ipso
725 3108 818 3143 eorum
841 3094 1006 3161 Imperatore
1031 3090 1148 3141 insidiae
1168 3088 1275 3143 Gabari

192 3162 297 3213 fuerint
314 3168 441 3212 structae.
474 3162 664 3229 Pervulgatum
682 3163 756 3214 enim
773 3163 829 3213 iam
856 3162 929 3229 apud
949 3163 1022 3227 ipsos
1042 3167 1069 3209 et
1092 3161 1122 3209 iu
1149 3160 1272 3210 confesso

193 3238 250 3293 cst,
267 3230 342 3300 quod
359 3232 483 3283 Rusticus
501 3239 529 3283 et
548 3232 683 3282 Martinus
704 3248 849 3299 prosperae
867 3231 942 3282 illius
969 3230 1093 3281 fortunae
1117 3226 1271 3282 invidentes

192 3300 222 3350 in
249 3301 399 3352 ultroneam
422 3302 507 3352 animi
535 3302 675 3353 feritatem
700 3302 756 3353 sint
781 3299 904 3369 abrepti,
932 3299 1046 3369 reliquis
1074 3298 1191 3353 ‹lucihns
1215 3316 1272 3350 nou

194 3369 281 3420 solum
301 3389 358 3422 non
378 3372 589 3434 adiuvantibus,
612 3388 705 3423 verum
731 3374 813 3424 etiam
832 3371 927 3421 acerbe
944 3366 1105 3429 ,ferentibus
1143 3370 1272 3437 Iniquum

194 3440 287 3506 itaque
303 3449 331 3491 et
347 3451 488 3509 praeterea
505 3442 604 3494 inutile
622 3443 722 3505 fuerit,
755 3442 790 3493 ob
809 3442 889 3491 unius
907 3440 1027 3491 fortassis
1053 3448 1135 3510 atque
1157 3439 1270 3491 alterius

193 3509 299 3575 culpam
310 3510 431 3578 publicas
448 3513 531 3581 leges,
552 3528 619 3583 quas
636 3511 779 3564 observare
798 3512 996 3571 constituimus,
1015 3518 1139 3577 proterve
1158 3508 1269 3571 violare,

193 3579 401 3649 universumque
418 3583 490 3634 vitae
508 3592 615 3635 nostrae
635 3582 811 3646 institutum,
831 3583 875 3633 cui
892 3582 977 3633 amice
994 3582 1174 3641 assuevimus,
1201 3577 1268 3629 adeo

192 3650 291 3700 leviter
307 3649 456 3714 immutare,
474 3670 565 3705 eorum
579 3670 653 3717 vero,
672 3654 766 3722 quiin
783 3651 925 3722 praesidiis
943 3651 1099 3720 provinciae
1118 3666 1166 3716 pro
1179 3647 1268 3713 nobis,

192 3728 225 3771 ut
243 3721 389 3789 tranquille
406 3722 578 3795 iucundeque
594 3725 724 3785 vivamus,
743 3724 889 3787 excubant,
906 3720 1062 3791 proditores
1076 3736 1107 3769 ao
1118 3717 1268 3772 desertores

191 3788 336 3853 declarari;
366 3798 393 3840 et
411 3792 485 3859 quod
503 3796 625 3845 omnium
644 3802 686 3846 est
707 3796 823 3846 maxime
841 3794 977 3863 impium,
996 3796 1096 3842 rectam
1110 3787 1144 3841 de
1157 3788 1269 3858 religio-

191 3878 228 3911 ne
245 3868 274 3911 et
297 3877 430 3911 sacrorum
454 3865 643 3928 mysteriorum
671 3863 806 3933 dignitate
830 3861 989 3932 opinionem
1011 3866 1092 3929 atque
1118 3858 1268 3911 doctrinam

189 3932 337 3999 aspernari.
373 3930 438 3998 Quo
453 3940 531 3999 paeto
551 3935 623 3985 enim
640 3951 697 3986 non
714 3934 744 3985 id
761 3935 850 3987 facere
874 3928 1048 3992 videbimur,
1074 3929 1096 3980 si
1120 3930 1155 3985 ed
1172 3931 1266 3983 infen-

190 4000 309 4053 sissimos
329 4000 416 4054 divini
434 4003 554 4053 numinis
572 4003 664 4056 hostes
690 3999 918 4065 concesserimus?
950 3999 979 4051 si
1002 4000 1073 4053 enim
1098 4000 1141 4053 illi
1168 4000 1264 4069 prohi-

190 4072 310 4135 buerint,
329 4088 364 4124 ne
382 4079 500 4123 nostram
518 4072 646 4141 deinceps
664 4073 825 4141 religionem
844 4072 978 4133 colamus,
997 4066 1044 4125 sed
1062 4069 1096 4122 ad
1113 4088 1188 4125 suam
1213 4084 1264 4125 nos

190 4140 348 4211 adegerint,
369 4140 437 4215 quid
453 4143 560 4209 gravius
579 4142 659 4194 nobis
674 4142 797 4194 accidere
815 4141 916 4210 possit,
948 4142 1139 4209 superstitibus
1161 4140 1266 4207 pariter.

192 4219 222 4267 st
236 4210 370 4271 aanor?
405 4211 482 4285 Quid
500 4212 574 4270 enim
589 4212 659 4269 lucri
678 4212 830 4278 fecerimus,
850 4212 873 4267 si
891 4210 1197 4285 miserandorum
1223 4208 1265 4269 tta
