3109 4950
321 271 406 358 266
736 295 944 362 restruite

174 469 205 522 a
222 468 255 522 c.
268 455 437 540 556pecdoc‘
468 451 527 518 τοῦ
563 447 696 530 παιδός,
719 449 776 514 καί
803 452 864 516 τῶν
900 447 1011 515 κοινών
1049 451 1103 534 τής
1137 452 1320 536 κηδεμονιλις
1349 461 1403 515 νο-

223 540 274 629 ΙιΙ.
284 541 442 634 halitum

403 649 460 731 κζ’.
496 650 630 714 Ἐκείνου
662 651 699 716 δὲ
720 651 927 736 τεθνηκότος,
961 646 1169 735 Οόαραρόνης
1194 646 1213 712 ό
1225 644 1306 724 υἱός
1327 673 1406 735 προ-

322 748 401 827 στώς
423 754 480 836 τῆς
504 750 625 835 α’ρχής,
654 745 806 836 ἐἰσβολήν
835 754 893 833 μέν
924 746 1006 814 κατὰ
1026 749 1199 830 Ῥωμαίων
1231 748 1404 832 πεποίηται·

324 853 437 939 φιλίας
456 851 493 914 δέ
512 843 611 913 αότόν
630 853 686 915 καί
702 849 880 936 ὑφειμένως
898 853 960 916 τών
982 852 1016 914 έν
1030 857 1097 923 τοῖς
1119 845 1219 932 ὁρίοις
1231 843 1424 932 ἱδρυμένωνό

298 949 508 1035 ῦστρατηγών
533 950 808 1034 προσδεξαμένων,
841 947 859 1014 ό
881 951 917 1014 δὲ
935 949 1054 1014 θᾶττον
1075 945 1255 1032 ἀπηλλάγη,
1283 946 1339 1010 καί
1362 947 1405 1032 εἰς

318 1046 377 1132 τήν
391 1044 530 1132 ὑπήκοον
549 1049 720 1132 ἐπανῆκεν,
747 1041 821 1114 orire
839 1047 1097 1134 προπολεμήσας
1120 1052 1183 1121 τοῖς
1201 1046 1315 1125 πέλας,
1336 1035 1406 1110 orire

319 1139 422 1221 itaer
441 1144 498 1230 τήν
522 1145 633 1232 χώραν
658 1144 835 1230 σινόμενος.
864 1145 962 1212 εἴκοσι
982 1149 1018 1212 δὲ
1038 1147 1196 1232 κρατήσας
1223 1143 1402 1225 ἐνιαυτούς,

320 1245 522 1328 παραδιδωσι
545 1242 604 1329 τήν
618 1250 780 1327 βασιλείαν
800 1247 977 1334 Ἰσδιγέρδῃ
996 1245 1124 1332 θατέριρ
1152 1244 1196 1329 τῷ
1213 1245 1315 1330 οἶκειλρ
1334 1265 1407 1306 παι-

321 1345 376 1425 δί,
403 1335 430 1434 ᾧ
446 1339 483 1427 δή
501 1342 614 1430 χρόνος
631 1347 666 1411 ἐν
682 1350 722 1433 τῇ
742 1349 888 1436 βασιλείρι
913 1341 1070 1430 διηνόσδη
1088 1345 1165 1408 trev
1186 1336 1442 1423 ἶπτακαιδεκαμο

265 1503 276 1514 .
322 1439 380 1508 καὶ
403 1444 511 1526 μηνών
535 1440 638 1527 δήπου
664 1443 856 1531 ταττόμενα·
884 1441 1031 1530 Περόζης
1056 1443 1092 1506 δὲ
1105 1445 1175 1524 μετ’
1190 1440 1306 1506 ἐκεῖνον
1332 1435 1408 1504 ἄνα-

325 1544 487 1606 δείκνυται
503 1544 672 1624 βασιλεὺς,
702 1540 785 1629 οἷνήρ
801 1547 967 1630 τολμητίας
992 1544 1051 1624 μὲν
1069 1533 1150 1625 όγαν
1167 1537 1230 1625 ,καὶ
1243 1536 1408 1626 φιλοπόλε-

324 1663 403 1722 μος,
432 1639 585 1726 καὶπρὸς
604 1639 642 1704 τό
663 1642 876 1728 μεγαλουργὸν
891 1645 948 1726 τῆς
972 1639 1095 1725 γνώμης
1114 1633 1165 1704 ἀεὶ
1187 1641 1410 1726 τετραμμένος·

325 1740 464 1826 λογισμῷ
482 1740 518 1804 δέ
532 1740 656 1828 στερρῷ
674 1745 728 1806 καί
751 1741 897 1829 βεβηκότι
916 1738 953 1807 οὖ
970 1739 1057 1824 μα’λα
1072 1731 1194 1824 έχρήτο·
1216 1734 1298 1805 dud
1316 1741 1408 1804 πλέον

324 1831 366 1921 ήν
394 1833 480 1924 αὐτῷ
506 1841 564 1902 τοῦ
580 1843 812 1923 βουλευομένου
839 1839 875 1906 τό
896 1843 1069 1926 θρασῦνον.
1103 1833 1245 1917 ἀπόλωλε
1269 1833 1311 1923 δή
1336 1827 1446 1926 ιου’ν,ι5

298 1935 412 2009 neerei
430 1938 492 2002 τών
514 1941 728 2025 Νεφθαλιτών
752 1939 1017 2028 ἐπιστρατεύσας,
1054 1938 1091 2004 οὗ
1110 1940 1273 2018 τοσοῦτον,
1311 1931 1411 2020 οἶμαι,

325 2038 367 2122 τῇ
385 2031 474 2125 ῥώμη
497 2038 560 2103 τών
581 2040 744 2121 δυσμενῶν
763 2038 879 2105 ὁπόσον
903 2042 945 2140 τιή
959 2037 1080 2104 οἴκοθεν
1096 2031 1240 2126 οἷκοσμίρ·
1262 2037 1333 2102 δέον
1351 2032 1409 2122 γοὶρ

279 2188 282 2193 .
327 2135 423 2200 αὐτόν
446 2132 506 2201 σόν
531 2139 575 2223 τῷ
598 2136 839 2224 depasceret&
860 2137 918 2222 τήν
940 2136 1091 2218 πολεμίαν
1122 2135 1328 2223 πορεύεσθαι,
1355 2133 1412 2209 τοὶς
1460 2205 1463 2209 ,

235 2300 236 2303 ,
319 2229 466 2318 ὀἷδήλους
483 2233 653 2318 ε’πιβουλδς
677 2239 969 2323 προδιασκοποόντα
993 2235 1049 2300 καί
1065 2232 1314 2323 φυλαττόμενον,
1335 2231 1354 2299 ό
1377 2235 1414 2298 δὲ

327 2337 459 2417 λέληθεν
487 2328 603 2399 ἑαυτόν
622 2336 767 2423 ἐνέδραις
794 2335 913 2422 ἀθρόον
929 2333 1110 2422 περιπεσών
1131 2333 1187 2400 καί
1204 2333 1336 2420 βόθροις
1358 2335 1450 2398 sacro

328 2432 486 2519 διώρυξιν,
508 2435 563 2500 ε’πί
579 2433 729 2519 μήκιστον
740 2439 798 2502 τοῦ
814 2435 924 2501 πεδίου
942 2431 1022 2522 πρός
1037 2431 1071 2501 τό
1093 2430 1251 2521 ότατηλόν
1266 2457 1415 2519 μεμηχα-

328 2536 491 2615 νημέναις,
525 2526 627 2597 αὐτοῦ
649 2558 683 2597 τε
710 2532 770 2601 σόν
795 2538 833 2621 τῇ
855 2538 987 2623 στρατιᾷ
1013 2531 1172 2621 διεφθάρη
1186 2533 1333 2620 τετάρτῳ
1360 2535 1417 2596 καί

331 2632 461 2738 εἰκοστῷ
481 2632 539 2715 τής
550 2634 715 2713 βασιλείας
731 2635 877 2723 ἐνιαυτῷ,
898 2636 952 2697 καί
970 2634 1118 2699 καταλόει
1136 2632 1187 2699 τὸν
1201 2633 1271 2715 βίον
1283 2626 1415 2713 deiecit,

399 2790 421 2824 r.
439 2771 490 2822 Pro
509 2768 680 2841 κηδεμονίας
688 2774 718 2827 R.
743 2770 933 2829 παιδοποιίας
952 2774 1023 2837 (scil.
1040 2772 1321 2845 adoptionis)‚1ntp'r.
1339 2790 1414 2826 com-

398 2840 559 2895 munibusve
579 2842 676 2895 liberis
693 2842 876 2914 procreandis
894 2856 920 2897 et
935 2844 1047 2913 legibus·
1118 2846 1143 2901 5.
1162 2843 1255 2913 ὁρίοις
1264 2846 1313 2907 R.,
1334 2843 1416 2915 ὅροις

397 2910 469 2979 vulg.
580 2929 604 2981 7,
623 2912 845 2985 προπολεμήσας
871 2918 898 2966 R.
923 2922 950 2966 ct
971 2914 1073 2983 Lugd,
1098 2912 1146 2966 sed
1172 2915 1217 2969 hic
1239 2917 1269 2967 in
1297 2931 1348 2984 mg.
1376 2916 1415 2966 ῗσ.

398 2981 646 3053 προσπολεμῆσαι.
745 2986 784 3038 15.
801 2985 1009 3055 βουλευομένου
1022 2986 1052 3043 R.
1088 2983 1173 3055 Lugd
1197 3002 1249 3055 mg.
1275 2994 1303 3037 et
1320 2986 1417 3055 Intpr„

342 3119 347 3134 ρ
398 3052 576 3124 βουλομένου
600 3054 673 3125 vulg.
741 3072 783 3110 ao.
804 3053 919 3127 οἰθρόως
936 3057 966 3105 R.
1007 3067 1008 3075 ¹

263 3195 266 3204 “
332 3182 445 3235 merolus
465 3190 494 3235 et
511 3184 656 3252 pacificus,
677 3186 733 3236 sive
757 3186 798 3235 ita
816 3200 878 3235 casu
896 3183 1042 3245 acciderit,
1069 3184 1125 3237 sive
1152 3199 1244 3235 revera
1264 3182 1345 3232 etiam
1372 3196 1417 3231 re-

332 3262 427 3323 spectu
444 3256 542 3322 pueri,
562 3262 591 3305 et
610 3255 793 3305 communium
812 3256 959 3305 curationis
978 3254 1121 3323 pupillaris
1139 3254 1236 3323 legum.
1388 3259 1390 3265 '

403 3341 445 3391 27·
481 3323 535 3374 Illo
552 3340 616 3375 vero
634 3331 759 3386 mortuo,
778 3324 927 3375 vararanes
947 3326 1018 3377 iilius
1044 3342 1104 3375 cum
1124 3319 1262 3393 praeesset
1280 3321 1419 3389 imperio,

294 3455 299 3466 ⁵
333 3392 537 3461 expeditionem
555 3393 666 3463 quidem
684 3395 713 3445 iu
732 3395 865 3445 Romanos
879 3384 961 3457 fecis,
980 3394 1028 3445 sed
1042 3411 1102 3445 cum
1113 3396 1190 3445 ilium
1208 3391 1351 3462 praefecti,
1369 3392 1420 3459 qui

331 3464 363 3515 in
383 3462 484 3514 finibus
504 3470 592 3525 erant,
609 3464 695 3514 amice
718 3464 880 3535 placideque
900 3465 1096 3533 suscepissent,
1124 3466 1183 3535 ipse
1208 3465 1301 3514 statim
1324 3462 1419 3512 reces-

332 3534 378 3595 sit,
397 3532 467 3585 etad
476 3550 526 3583 sua
537 3550 566 3584 se
584 3534 693 3601 recipit,
711 3550 802 3603 neque
813 3534 887 3585 bello
907 3534 1039 3596 finitimis,
1049 3543 1138 3607 neque
1155 3541 1295 3601 praetcrea
1314 3531 1420 3582 damno
1502 3558 1503 3605 ρ

333 3604 392 3654 ullo
411 3604 482 3673 agris
499 3619 594 3654 eorum
616 3605 701 3655 illato.
738 3604 862 3675 Cumque
882 3621 965 3655 annos
986 3606 1083 3673 viginti
1109 3610 1260 3673 regnasset,
1279 3600 1420 3671 isdigerdi
1502 3626 1503 3679 ρ

334 3674 414 3725 alteri
432 3689 481 3725 suo
505 3673 561 3724 iilic
589 3690 702 3742 regnum
728 3673 828 3741 tradit,
854 3676 901 3744 qui
925 3691 984 3725 cum
1004 3691 1036 3725 eo
1054 3676 1147 3731 annis
1176 3672 1366 3740 septendecim
1392 3678 1424 3720 et
1502 3684 1503 3729 ι

333 3744 473 3795 mensibus
491 3741 601 3794 circiter
618 3752 734 3813 quatuor
757 3750 828 3795 esset
845 3745 967 3811 potitus:
987 3744 1097 3796 Perozes
1122 3752 1184 3811 post
1203 3743 1281 3794 illum
1300 3758 1349 3792 rex
1370 3742 1423 3791 de-

334 3813 468 3876 claratur,
490 3812 532 3865 vir
557 3816 700 3866 temerarie
721 3814 809 3864 audax
834 3823 861 3865 et
882 3814 1015 3865 bellorum
1036 3814 1168 3880 cupidus,
1187 3819 1215 3863 et
1240 3814 1426 3881 magnificen-

336 3883 404 3931 tiam
428 3900 535 3952 semper
556 3901 622 3950 prae
641 3900 668 3934 se
693 3884 811 3946 ferebat,
837 3885 931 3935 solidis
956 3892 1046 3935 autem
1076 3885 1199 3953 tutisque
1224 3883 1348 3934 consiliis
1364 3898 1427 3931 non

337 3950 485 4003 admodum
510 3954 654 4018 utebatur3
673 3953 720 4003 sed
747 3956 807 4023 plus
836 3955 865 4005 iu
893 3971 925 4005 eo
949 3960 1007 4004 erat
1035 3953 1165 4012 audaciae
1190 3966 1284 4024 quam·
1300 3952 1426 4004 consilii.

336 4021 422 4075 Periit
436 4022 530 4091 itaque
541 4024 569 4073 in
578 4022 755 4092 expeditione
768 4024 894 4075 adversus
910 4023 1077 4091 Nephtalitos
1088 4038 1143 4075 nou
1153 4032 1216 4087 tam,
1235 4026 1366 4083 arbitror,
1377 4038 1428 4073 ro-

336 4092 404 4156 bore
414 4090 533 4141 hostium
543 4109 623 4160 quam
636 4110 684 4144 sua
697 4096 858 4145 temeritate.
879 4094 945 4144 Cum
960 4096 1033 4146 enim
1048 4100 1186 4162 oporteret
1199 4094 1292 4160 ipsum·
1303 4102 1366 4144 tuto
1376 4107 1428 4159 per

336 4162 464 4213 hostilem
476 4162 612 4229 regionem
626 4163 784 4231 procedere,
800 4165 917 4215 occuitus
928 4164 1041 4215 iusidias
1054 4163 1258 4232 praevidentem
1271 4168 1431 4233 etpracca-

336 4240 454 4295 rentem,
466 4228 563 4284 houm
574 4246 635 4283 cura
650 4235 773 4302 neglecta
788 4234 930 4287 confestim
940 4240 969 4289 in
979 4234 1098 4291 ,insidias
1109 4234 1226 4301 ἰοειδέος
1244 4236 1330 4307 inque
1348 4248 1431 4285 ecro-
