3109 4950
515 322 800 389 ursuosnuuu
830 325 869 386 n.
889 324 921 393 o.
1216 310 1267 402 77

185 478 281 572 ἇγρίῳ
301 502 336 546 τε
356 476 413 545 καί
429 475 628 563 γεγηρακύτι,
655 478 806 565 προσάγει
825 475 869 563 τῷ
884 470 1013 560 πύργῳ,
1040 466 1077 537 ὃν
1093 467 1131 556 δὴ
1150 468 1205 535 έπί
1216 470 1307 557 τῖγςλ
1318 482 1349 535 c
1363 482 1416 537 553

182 580 325 669 γεφύρας
342 579 372 643 οἱ
393 576 534 664 Φρύγγοι
553 578 725 661 ἐτύγχανον
745 568 994 660 ἐξειργασμένοι,
1020 562 1099 657 ᾖπὲρ
1113 592 1170 651 μοι
1185 555 1326 654 εἴρη-Ῐ·ι
1338 567 1373 624 '7

182 706 239 745 ται
259 678 420 765 πρότερον.
441 674 497 740 καί
511 668 568 741 ούν
581 677 723 741 ἐνταῦθα
739 672 960 761 προσπελάσας
973 668 1031 755 τὴν
1043 666 1180 751 ἅμαξαν,
1208 671 1273 753 πύρ

183 776 331 863 ἐμβάλλει
356 777 401 865 τῷ
422 774 543 864 χόρτιρ,
608 772 714 860 γίστης
740 774 775 839 δέ
795 768 912 859 φλογὸς
934 768 1080 854 ἐξαπίνης
1105 767 1267 856 ἀρθείσης,

168 878 304 967 ὄρρδίως
327 871 437 955 ἅπασα
462 873 482 959 ἦ
505 873 613 961 τύρσις
629 872 855 959 ἐνεπίμπρατο,
890 864 946 935 ἅτε
956 865 995 953 δὴ
1026 868 1128 947 ξύλοις
1145 871 1278 935 ἐσκευα-

185 980 294 1061 σμένη.
315 973 347 1041 οἱ
368 978 404 1039 δὲ
422 966 537 1059 ἄνδρες
552 976 615 1038 τῶν
630 973 804 1057 βαρβάρων
827 967 933 1037 ὁπόσοι
955 970 1010 1034 ἐπί
1025 968 1152 1056 φραυρηῖ
1168 966 1275 1033 &ud-

183 1100 280 1159 χατο,
301 1070 410 1158 ἐπειδὴ
426 1070 607 1154 ἀμύνεσθαι
622 1064 679 1135 ούκ
695 1070 868 1155 η’δύναντο,
900 1062 971 1133 ἄλλ’
985 1058 1045 1153 ἤδη
1064 1090 1125 1131 που
1142 1062 1198 1130 καί
1213 1058 1274 1129 αύ-
1334 1115 1338 1126 .

184 1176 235 1240 τοί
252 1178 485 1260 πυρπολεῖσθαι
504 1160 655 1255 ἤμελλον,
684 1168 825 1253 ἔγνωσαν
840 1174 988 1250 μεθεῖναι
1008 1165 1044 1234 τὸ
1064 1163 1193 1253 χαρτίον,
1219 1167 1273 1233 κατ’
1283 1172 1305 1223 Β

188 1270 219 1338 οῖ
237 1276 299 1354 μὲν
317 1270 410 1353 μόλις
433 1271 561 1335 ἐνθένδε
578 1266 787 1345 διεκπεσόντες
819 1265 874 1333 ἐπί
898 1264 936 1332 τὸ
951 1268 1043 1353 σφῶν
1067 1261 1276 1351 στρατόπεδον

148 1370 448 1458 Ιῠκαταφεύγονσιν·
485 1366 514 1432 οἱ
534 1368 571 1433 δὲ
603 1368 760 1449 Ῥωμαῖοι
787 1368 842 1452 τῆς
867 1368 1007 1453 γεφύρας
1027 1366 1186 1451 ἐγκρατεῖς
1208 1365 1276 1445 ἐγε-

160 1473 321 1553 γένηντο.
374 1468 498 1533 Τούτων
522 1468 558 1531 δὲ
580 1462 663 1531 αύτοο
684 1469 952 1549 ξυνενεχθέντων,
983 1463 1097 1529 αύτίκα
1118 1460 1147 1529 οἱ
1166 1463 1275 1547 Φρύγ-

186 1590 237 1651 γοι
248 1568 404 1653 ταραχῆς,
430 1565 474 1643 οῖς
492 1565 528 1631 τὰ
553 1564 634 1643 εἰκὸς
641 1615 652 1648 ,
680 1566 924 1648 ἐνεπιμπλαντο,
953 1562 1010 1629 καί
1028 1563 1108 1650 πρδς
1132 1560 1171 1627 τὰ
1193 1556 1276 1627 ὅπλα

187 1667 337 1753 ἐχώρουν.
366 1664 579 1753 σφαδάζοντος
595 1667 639 1757 τῷ
660 1668 755 1754 θυμῷ
776 1668 831 1731 καί
849 1667 1036 1745 λυττῶντες,
1073 1665 1216 1747 κατέχειν
1240 1681 1275 1725 τε

185 1768 220 1833 ἐν
246 1760 367 1843 ἑαυτοῖς
391 1763 432 1830 τὰ
460 1764 648 1852 φρονήματα
672 1764 728 1831 oon
750 1762 904 1849 ἠδύναντο
911 1815 922 1847 ,
958 1758 1040 1829 ἀλλὰ
1059 1760 1223 1848 τολμητίοιι
1238 1781 1275 1845 γε

149 1854 266 1949 τόἦσαν
284 1866 364 1950 πέρα
379 1866 437 1929 τού
451 1864 579 1950 μετρίου
596 1861 651 1929 καί
664 1862 855 1951 θαρραλέοι,
875 1864 920 1939 ὥς
937 1866 1047 1947 μηκέτι
1062 1856 1191 1948 ἦρεμεῖν
1202 1862 1276 1927 ἐθέ-
1286 1870 1319 1925 V.
1339 1871 1371 1929 λι

186 1961 338 2047 λεινμὴδε
353 1965 540 2046 διαμέλλειν,
558 1957 626 2047 ἄλλ’
641 1960 825 2048 αύθημερὸν
834 1960 1101 2048 παρατάττεσθαι·
1111 1960 1277 2027 καὶταῦτα

185 2064 410 2149 προειρημένον
432 2056 537 2139 αύτοῖς
555 2059 618 2127 duo*
637 2063 700 2126 τῶν
728 2061 950 2143 Ἀλαμανικῶν
969 2061 1130 2142 μάντεων,
1149 2059 1194 2145 μὴ
1212 2062 1278 2127 δεῖν

183 2163 303 2246 ἐκείνης
313 2164 368 2245 τῆς
382 2161 504 2248 ἡμέρας
521 2157 749 2243 διαμάχεσθαι,
771 2153 792 2244 ἢ
801 2157 981 2243 γιγνώσκειν
997 2158 1042 2236 ὥς
1057 2153 1158 2244 ἄρδην
1174 2153 1278 2223 ἅπαν-

182 2284 233 2337 τες
253 2255 450 2325 ἀπολοῦνται
486 2254 576 2340 οἶμαι
592 2261 652 2341 μὲν
671 2250 728 2323 ούν
743 2258 774 2321 εί
790 2256 846 2321 καί
862 2258 900 2345 τῇ
918 2254 1072 2345 ύστεραίηι
1091 2252 1114 2342 ἢ
1129 2253 1186 2321 καί
1199 2260 1275 2321 καθ’

144 2356 294 2446 τοέτέραν
312 2360 333 2443 ἦ
354 2358 491 2443 ξυμβολῆ
511 2357 659 2441 ἐγεγόνει,
689 2356 816 2433 πάντας
842 2351 883 2420 ἂν
904 2357 999 2421 τούτο
1025 2358 1125 2422 ἐκεῖνο
1144 2353 1302 2428 inertis-c

184 2461 303 2541 θεσαν,
325 2452 398 2544 ὅπερ
420 2455 476 2522 καί
487 2458 522 2522 ἐν
540 2458 584 2546 τῷ
594 2454 662 2525 τότε
676 2448 786 2541 ἐπέβη.
808 2452 845 2520 ού
865 2453 924 2541 γὰρ
948 2455 989 2541 δή
1006 2478 1067 2521 που
1082 2455 1103 2540 ἢ
1121 2456 1177 2543 τῆς
1194 2455 1275 2540 ἦμέ·

185 2583 244 2646 ρας
260 2555 413 2641 ἐναλλαγὴ
437 2557 615 2644 ἀπέχρησεν
634 2550 673 2621 ἐν
689 2555 798 2632 αύτοῖς
816 2557 850 2632 ἐς
865 2553 901 2620 τὸ
914 2553 960 2640 μί)
978 2549 1055 2638 ούχί
1072 2551 1181 2631 ποινὰς
1194 2554 1274 2619 ἄπα-

257 2659 413 2714 1.Suid.s.
439 2674 462 2708 v.
482 2660 676 2730 σεσαγμίνηνε
701 2657 883 2729 παρεισάγει.
948 2658 976 2725 4.
994 2660 1127 2723 ἐξαπίνης
1149 2659 1189 2720 B,
1211 2656 1274 2716 ἐξα-

255 2734 378 2786 πιναίως
389 2729 461 2798 vulg.
525 2747 563 2782 ιο.
580 2729 726 2798 ἐγκρατεῖς
743 2729 804 2782 add.
825 2747 859 2781 ex
869 2730 916 2791 lt,
936 2729 1020 2798 Intpr.
1031 2730 1151 2784 Romani
1163 2729 1272 2782 evesti-

255 2802 302 2872 gio
312 2813 394 2869 ponte
407 2801 569 2868 μοιίαπτανς
586 2800 663 2852 addit
679 2801 762 2870 igitur
776 2796 874 2857 εδθύς.
892 2799 969 2850 Vule
983 2801 1053 2853 coni.
1069 2799 1175 2870 κύριοι.
1232 2815 1271 2851 το.

256 2871 464 2939 ἐνεπίμπλαντο
486 2871 524 2934 n,
542 2869 758 2941 ἀνεπίμπλαντο
774 2872 844 2941 vulg.
903 2871 941 2924 16.
961 2867 1125 2942 διαμέλλειν
1147 2872 1192 2933 n,
1208 2864 1271 2920 δια-

253 2940 352 3011 μέλειν
367 2938 436 3008 vulg.
499 2958 541 2994 το.
560 2939 666 2998 πάντες
679 2943 709 2993 R.
789 2957 832 2996 τε.
849 2939 890 3012 μή
903 2938 971 3009 οὐχὶ
985 2943 1031 3006 n,
1046 2941 1088 3012 μιῑ
1098 2936 1135 2992 od
1148 2941 1219 3010 vulg.

185 3044 236 3096 hus
251 3044 378 3113 plaustris
391 3059 475 3095 unum
491 3045 579 3106 multo
600 3045 682 3097 rurali
696 3044 828 3116 aridoque
846 3045 930 3097 foeno
947 3051 1075 3098 onustum
1089 3046 1159 3097 turri
1176 3043 1271 3097 solmo-

184 3124 246 3178 vet,
265 3131 346 3183 quarn
361 3115 456 3166 Franci
472 3116 502 3167 in
513 3121 598 3182 ponte
611 3124 813 3179 exstruxerant,
839 3117 916 3166 cuius
927 3132 1008 3184 supra
1025 3117 1195 3166 mentionem
1208 3113 1270 3167 feci.

183 3185 242 3237 Hoc
257 3187 350 3254 itaque
361 3185 481 3254 plaustro
497 3187 535 3237 ita
555 3184 589 3236 ed
607 3187 703 3237 turrim
714 3185 833 3249 admoto,
855 3187 946 3254 ignem
957 3187 1039 3238 foeno
1055 3185 1186 3237 immittit
1223 3185 1271 3239 In-

185 3258 258 3326 genti
273 3271 336 3306 vero
348 3255 451 3307 flamma
468 3262 581 3324 repente
596 3256 718 3320 sublata,
736 3257 817 3308 facile
836 3259 961 3308 universa
973 3257 1055 3307 turris
1070 3263 1165 3324 utpote
1181 3254 1273 3323 lignee

184 3325 364 3394 conflagravit.
402 3327 472 3377 Tum
491 3325 600 3378 barbari
617 3334 753 3396 quotquot
769 3328 800 3378 in
820 3328 879 3378 eius
893 3326 1029 3394 praesidio
1046 3334 1123 3378 erunt
1136 3324 1272 3385 collocati,

184 3413 244 3447 eum
265 3413 323 3448 eam
341 3398 412 3449 tueri
431 3415 487 3450 non
511 3405 639 3466 possent,
664 3397 774 3468 ipsique
791 3396 920 3448 incendio
944 3397 994 3448 illo
1011 3396 1127 3466 perituri
1141 3395 1271 3449 videren-

184 3473 243 3530 tur,
263 3469 407 3518 stationem
419 3468 595 3521 deserendam
608 3476 791 3535 qensuerunt3
806 3484 837 3518 ae
851 3466 1001 3520 difficulter
1013 3467 1125 3538 quidem
1140 3465 1205 3517 inde
1220 3463 1271 3515 de-

183 3536 268 3606 lapsi,
285 3536 320 3589 nd
336 3540 483 3590 exercitum
499 3541 620 3607 ipsorum
636 3539 831 3608 eonfugerunt;
851 3539 964 3590 Romani
977 3553 1041 3590 vero
1058 3545 1143 3608 ponte
1155 3536 1271 3606 potiun-

183 3613 236 3658 tur.
254 3607 303 3658 His
315 3609 354 3660 ita
362 3611 478 3676 peractis
490 3610 585 3662 Franci
604 3611 695 3662 statim
706 3610 834 3672 tumultu,
847 3611 890 3661 uti
908 3619 1038 3680 parerat,
1052 3607 1130 3678 pleni
1148 3605 1182 3656 ad
1197 3622 1271 3657 anns

183 3678 342 3740 convolant,
367 3678 513 3732 frementes
531 3683 572 3732 ira
588 3689 616 3732 et
632 3680 736 3743 rabidi,
763 3689 792 3733 et
809 3697 912 3733 summa
926 3682 1011 3733 animi
1025 3678 1188 3746 impotentia
1210 3693 1272 3728 cor·

182 3749 270 3816 repti,
288 3749 414 3818 ultraque
427 3749 538 3802 modum
556 3749 669 3802 audaces
684 3759 713 3804 et
727 3751 909 3819 praefidentes
923 3768 979 3804 non
988 3751 1062 3802 ultra
1076 3747 1273 3817 quiescendum

182 3818 236 3870 sibi
248 3819 413 3882 censebant,
431 3837 522 3890 neque
532 3821 726 3884 cunctandum,
744 3821 793 3874 sed
808 3839 840 3873 eo
856 3823 918 3890 ipso
935 3821 980 3872 die
996 3817 1132 3888 proelium
1147 3820 1271 3870 commit-

181 3888 310 3954 tendum,
328 3892 498 3958 quantumvis
513 3891 682 3943 Alemannici
695 3898 769 3945 vetes
781 3891 981 3960 praedixissent
997 3891 1047 3942 illo
1066 3889 1112 3940 die
1124 3889 1273 3959 confligen-

182 3958 247 4010 dum
264 3975 321 4010 non
344 3976 420 4024 esse,
448 3971 496 4014 urst
516 3965 618 4029 scirent
637 3978 665 4012 se
681 3961 715 4014 ad
733 3977 818 4013 unum
840 3978 934 4013 omnes
950 3962 1095 4029 perituros.
1130 3962 1186 4030 Ego
1207 3974 1271 4010 vero

181 4029 221 4079 its
237 4029 378 4094 existimo,
397 4033 516 4083 etiamsi
533 4031 666 4101 postridie
683 4037 732 4083 aut
745 4032 800 4083 olio
815 4031 849 4084 ab
869 4029 979 4083 hoodie
990 4031 1125 4100 proelium
1145 4029 1273 4083 commis-

182 4113 241 4148 sum
258 4097 371 4164 fuisset,
392 4101 509 4154 eundern
528 4103 624 4172 plane,
649 4101 696 4170 qui
713 4109 778 4153 tuno
796 4101 868 4163 fuit,
897 4108 1024 4154 eventum
1042 4104 1164 4156 futurum
1177 4101 1271 4152 fuisse.

181 4167 286 4239 Neque·
296 4172 369 4222 enim
385 4174 466 4224 unius
482 4172 538 4224 diei
554 4172 706 4222 immutatio
720 4170 772 4223 hoe
788 4173 931 4236 effecisset,
946 4190 1000 4243 quo
1015 4175 1106 4226 minus
1123 4169 1272 4239 impietatis

182 4253 247 4292 suae
264 4253 366 4310 poenes
384 4239 502 4304 luerent.
540 4241 667 4296 Ceterum
689 4242 746 4300 sive
761 4240 815 4296 hoe
827 4244 868 4300 its
888 4246 1026 4310 evenerit,
1049 4247 1106 4299 sive
1120 4243 1201 4296 etism
1214 4245 1272 4300 for-
