<?xml version="1.0" encoding="UTF-8"?>
<!DOCTYPE html PUBLIC "-//W3C//DTD XHTML 1.0 Transitional//EN"
    "http://www.w3.org/TR/xhtml1/DTD/xhtml1-transitional.dtd">
<html xmlns="http://www.w3.org/1999/xhtml" xml:lang="en" lang="en">
 <head>
  <title>
</title>
<meta http-equiv="Content-Type" content="text/html;charset=utf-8" />
  <meta name='ocr-system' content='tesseract 3.04.00' />
  <meta name='ocr-capabilities' content='ocr_page ocr_carea ocr_par ocr_line ocrx_word'/>
</head>
<body>
  <div class='ocr_page' id='page_1' title='image "./corpusscriptoru31theogoog/corpusscriptoru31theogoog_0289.png"; bbox 0 0 3109 4950; ppageno 0'>
   <div class='ocr_carea' id='block_1_1' title="bbox 478 337 1247 439">
    <p class='ocr_par' dir='ltr' id='par_1_1' title="bbox 478 337 1247 439">
     <span class='ocr_line' id='line_1_1' title="bbox 478 337 1247 439; baseline -0.004 -11"><span class='ocrx_word' id='word_1_1' title='bbox 478 361 761 429; x_wconf 78' lang='lat' dir='ltr'><strong>uisuommuu</strong></span> <span class='ocrx_word' id='word_1_2' title='bbox 790 368 843 430; x_wconf 83' lang='lat' dir='ltr'><strong>rv.</strong></span> <span class='ocrx_word' id='word_1_3' title='bbox 871 375 922 439; x_wconf 63' lang='grc' dir='ltr'><strong><em>ιλ</em></strong></span> <span class='ocrx_word' id='word_1_4' title='bbox 1165 337 1247 426; x_wconf 83' lang='lat'><strong><em>235</em></strong></span> 
     </span>
    </p>
   </div>
   <div class='ocr_carea' id='block_1_2' title="bbox 113 514 1389 2684">
    <p class='ocr_par' dir='ltr' id='par_1_2' title="bbox 165 514 1389 607">
     <span class='ocr_line' id='line_1_2' title="bbox 165 514 1389 607; baseline 0.002 -24"><span class='ocrx_word' id='word_1_5' title='bbox 165 519 320 583; x_wconf 80' lang='grc' dir='ltr'><strong><em>τάναντια</em></strong></span> <span class='ocrx_word' id='word_1_6' title='bbox 337 514 620 597; x_wconf 72' lang='grc' dir='ltr'><strong><em>μεταβαλλόμενον.</em></strong></span> <span class='ocrx_word' id='word_1_7' title='bbox 640 516 791 594; x_wconf 80' lang='grc' dir='ltr'><em>πολλάκις</em></span> <span class='ocrx_word' id='word_1_8' title='bbox 805 516 866 600; x_wconf 77' lang='grc' dir='ltr'><strong><em>μὲν</em></strong></span> <span class='ocrx_word' id='word_1_9' title='bbox 888 517 949 607; x_wconf 84' lang='grc' dir='ltr'><strong><em>γάρ</em></strong></span> <span class='ocrx_word' id='word_1_10' title='bbox 972 526 1038 598; x_wconf 79' lang='grc' dir='ltr'><strong><em>τοῖς</em></strong></span> <span class='ocrx_word' id='word_1_11' title='bbox 1065 520 1249 605; x_wconf 76' lang='grc' dir='ltr'><strong><em>Ῥωμαίοις,</em></strong></span> <span class='ocrx_word' id='word_1_12' title='bbox 1257 540 1288 591; x_wconf 78' lang='lat' dir='ltr'><strong><em>A.</em></strong></span> <span class='ocrx_word' id='word_1_13' title='bbox 1298 539 1327 591; x_wconf 87' lang='lat' dir='ltr'><strong><em>c.</em></strong></span> <span class='ocrx_word' id='word_1_14' title='bbox 1335 537 1389 600; x_wconf 68' lang='lat'><strong><em>55⁶</em></strong></span> 
     </span>
    </p>

    <p class='ocr_par' dir='ltr' id='par_1_3' title="bbox 163 611 1351 703">
     <span class='ocr_line' id='line_1_3' title="bbox 163 611 1351 703; baseline 0.005 -24"><span class='ocrx_word' id='word_1_15' title='bbox 163 613 312 690; x_wconf 79' lang='grc' dir='ltr'><em>πολλάκις</em></span> <span class='ocrx_word' id='word_1_16' title='bbox 327 616 362 679; x_wconf 70' lang='lat' dir='ltr'><strong>di</strong></span> <span class='ocrx_word' id='word_1_17' title='bbox 383 623 448 689; x_wconf 84' lang='grc' dir='ltr'><strong><em>τοῖς</em></strong></span> <span class='ocrx_word' id='word_1_18' title='bbox 462 616 607 699; x_wconf 81' lang='grc' dir='ltr'><strong><em>Πέρσαις</em></strong></span> <span class='ocrx_word' id='word_1_19' title='bbox 624 622 693 683; x_wconf 77' lang='grc' dir='ltr'><strong><em>κατ’</em></strong></span> <span class='ocrx_word' id='word_1_20' title='bbox 712 616 855 701; x_wconf 77' lang='grc' dir='ltr'><strong><em>ἀλλήλων</em></strong></span> <span class='ocrx_word' id='word_1_21' title='bbox 875 620 1160 703; x_wconf 75' lang='grc' dir='ltr'><strong><em>παραταττομένοις</em></strong></span> <span class='ocrx_word' id='word_1_22' title='bbox 1176 611 1306 697; x_wconf 67' lang='grc' dir='ltr'><strong><em>ξυν-Μ</em></strong></span> <span class='ocrx_word' id='word_1_23' title='bbox 1317 614 1351 667; x_wconf 82' lang='lat'><strong><em>3⁰</em></strong></span> 
     </span>
    </p>

    <p class='ocr_par' dir='ltr' id='par_1_4' title="bbox 161 708 1250 805">
     <span class='ocr_line' id='line_1_4' title="bbox 161 708 1250 805; baseline 0.006 -28"><span class='ocrx_word' id='word_1_24' title='bbox 161 714 283 799; x_wconf 83' lang='grc' dir='ltr'><strong><em>η’ραντο</em></strong></span> <span class='ocrx_word' id='word_1_25' title='bbox 308 711 383 787; x_wconf 90' lang='grc' dir='ltr'><strong><em>τούς</em></strong></span> <span class='ocrx_word' id='word_1_26' title='bbox 404 712 543 796; x_wconf 79' lang='grc' dir='ltr'><strong><em>άγῶνας,</em></strong></span> <span class='ocrx_word' id='word_1_27' title='bbox 574 716 608 780; x_wconf 85' lang='grc' dir='ltr'><strong><em>ἐν</em></strong></span> <span class='ocrx_word' id='word_1_28' title='bbox 627 708 716 803; x_wconf 81' lang='grc' dir='ltr'><strong><em>όλίγιρ</em></strong></span> <span class='ocrx_word' id='word_1_29' title='bbox 738 717 781 803; x_wconf 77' lang='grc' dir='ltr'><strong><em>τῷ</em></strong></span> <span class='ocrx_word' id='word_1_30' title='bbox 798 714 917 797; x_wconf 81' lang='grc' dir='ltr'><strong><em>μεταξύ</em></strong></span> <span class='ocrx_word' id='word_1_31' title='bbox 939 713 1042 805; x_wconf 80' lang='grc' dir='ltr'><strong><em>χρόνῳ</em></strong></span> <span class='ocrx_word' id='word_1_32' title='bbox 1068 718 1120 801; x_wconf 84' lang='grc' dir='ltr'><strong><em>ἐφ’</em></strong></span> <span class='ocrx_word' id='word_1_33' title='bbox 1142 712 1250 783; x_wconf 76' lang='grc' dir='ltr'><strong><em>ἐκατέ-</em></strong></span> 
     </span>
    </p>

    <p class='ocr_par' dir='ltr' id='par_1_5' title="bbox 139 804 1250 996">
     <span class='ocr_line' id='line_1_5' title="bbox 161 804 1248 913; baseline 0.005 -37"><span class='ocrx_word' id='word_1_34' title='bbox 161 838 241 898; x_wconf 89' lang='grc' dir='ltr'><strong><em>ρους</em></strong></span> <span class='ocrx_word' id='word_1_35' title='bbox 264 804 434 899; x_wconf 86' lang='grc' dir='ltr'><strong><em>τραπέντες</em></strong></span> <span class='ocrx_word' id='word_1_36' title='bbox 454 814 509 875; x_wconf 85' lang='grc' dir='ltr'><strong><em>καί</em></strong></span> <span class='ocrx_word' id='word_1_37' title='bbox 522 813 804 913; x_wconf 72' lang='grc' dir='ltr'><strong><em>μισθαρχὴσαντες.</em></strong></span> <span class='ocrx_word' id='word_1_38' title='bbox 822 814 877 879; x_wconf 81' lang='grc' dir='ltr'><strong><em>καί</em></strong></span> <span class='ocrx_word' id='word_1_39' title='bbox 897 807 953 880; x_wconf 83' lang='grc' dir='ltr'><strong><em>σύν</em></strong></span> <span class='ocrx_word' id='word_1_40' title='bbox 971 815 991 900; x_wconf 81' lang='grc' dir='ltr'><em>ἦ</em></span> <span class='ocrx_word' id='word_1_41' title='bbox 1009 819 1146 901; x_wconf 87' lang='grc' dir='ltr'><strong><em>προτέρα</em></strong></span> <span class='ocrx_word' id='word_1_42' title='bbox 1159 815 1248 903; x_wconf 77' lang='grc' dir='ltr'><strong><em>μαχὴ</em></strong></span> 
     </span>
     <span class='ocr_line' id='line_1_6' title="bbox 139 907 1250 996; baseline 0.004 -20"><span class='ocrx_word' id='word_1_43' title='bbox 139 910 242 981; x_wconf 80' lang='grc' dir='ltr'><strong><em>ὄκατά</em></strong></span> <span class='ocrx_word' id='word_1_44' title='bbox 260 912 397 995; x_wconf 77' lang='grc' dir='ltr'><strong><em>Περσῶν</em></strong></span> <span class='ocrx_word' id='word_1_45' title='bbox 414 910 522 984; x_wconf 83' lang='grc' dir='ltr'><strong><em>αύτοῖς</em></strong></span> <span class='ocrx_word' id='word_1_46' title='bbox 543 911 731 996; x_wconf 79' lang='grc' dir='ltr'><strong><em>ἐπολεμήθη,</em></strong></span> <span class='ocrx_word' id='word_1_47' title='bbox 754 907 807 976; x_wconf 80' lang='grc' dir='ltr'><strong><em>ὅτε</em></strong></span> <span class='ocrx_word' id='word_1_48' title='bbox 824 910 958 991; x_wconf 86' lang='grc' dir='ltr'><strong><em>πολλούς</em></strong></span> <span class='ocrx_word' id='word_1_49' title='bbox 977 914 1039 979; x_wconf 79' lang='grc' dir='ltr'><strong><em>τῶν</em></strong></span> <span class='ocrx_word' id='word_1_50' title='bbox 1059 918 1250 995; x_wconf 83' lang='grc' dir='ltr'><strong><em>Λιλιμνιτῶν</em></strong></span> 
     </span>
    </p>

    <p class='ocr_par' dir='ltr' id='par_1_6' title="bbox 160 1007 1277 1101">
     <span class='ocr_line' id='line_1_7' title="bbox 160 1007 1277 1101; baseline 0.003 -26"><span class='ocrx_word' id='word_1_51' title='bbox 160 1007 355 1083; x_wconf 73' lang='grc' dir='ltr'><strong><em>ἐπελθόντας</em></strong></span> <span class='ocrx_word' id='word_1_52' title='bbox 379 1008 471 1095; x_wconf 82' lang='grc' dir='ltr'><strong><em>σφίσι</em></strong></span> <span class='ocrx_word' id='word_1_53' title='bbox 488 1012 684 1077; x_wconf 82' lang='grc' dir='ltr'><strong><em>κατέκτεινον</em></strong></span> <span class='ocrx_word' id='word_1_54' title='bbox 704 1013 738 1075; x_wconf 83' lang='grc' dir='ltr'><strong><em>ἐν</em></strong></span> <span class='ocrx_word' id='word_1_55' title='bbox 755 1015 794 1097; x_wconf 76' lang='grc' dir='ltr'><strong><em>τῇ</em></strong></span> <span class='ocrx_word' id='word_1_56' title='bbox 809 1015 1019 1101; x_wconf 70' lang='grc' dir='ltr'><strong><em>νυκτομαχιλγ,</em></strong></span> <span class='ocrx_word' id='word_1_57' title='bbox 1045 1009 1088 1087; x_wconf 70' lang='grc' dir='ltr'><strong><em>σός</em></strong></span> <span class='ocrx_word' id='word_1_58' title='bbox 1101 1036 1158 1093; x_wconf 89' lang='grc' dir='ltr'><strong><em>μοι</em></strong></span> <span class='ocrx_word' id='word_1_59' title='bbox 1176 1015 1277 1085; x_wconf 65' lang='grc' dir='ltr'><strong><em>τόκα-Β</em></strong></span> 
     </span>
    </p>

    <p class='ocr_par' dir='ltr' id='par_1_7' title="bbox 159 1106 1252 1198">
     <span class='ocr_line' id='line_1_8' title="bbox 159 1106 1252 1198; baseline 0.001 -23"><span class='ocrx_word' id='word_1_60' title='bbox 159 1137 222 1175; x_wconf 87' lang='grc' dir='ltr'><strong><em>στα</em></strong></span> <span class='ocrx_word' id='word_1_61' title='bbox 244 1106 497 1195; x_wconf 77' lang='grc' dir='ltr'><strong><em>προάεὸιήγηται.</em></strong></span> <span class='ocrx_word' id='word_1_62' title='bbox 518 1108 635 1173; x_wconf 83' lang='grc' dir='ltr'><strong><em>ἐκείνου</em></strong></span> <span class='ocrx_word' id='word_1_63' title='bbox 661 1111 696 1172; x_wconf 70' lang='grc' dir='ltr'><strong><em>δέ</em></strong></span> <span class='ocrx_word' id='word_1_64' title='bbox 716 1112 772 1175; x_wconf 83' lang='grc' dir='ltr'><strong><em>τού</em></strong></span> <span class='ocrx_word' id='word_1_65' title='bbox 792 1108 886 1197; x_wconf 84' lang='grc' dir='ltr'><strong><em>ἔργου</em></strong></span> <span class='ocrx_word' id='word_1_66' title='bbox 905 1114 1002 1198; x_wconf 88' lang='grc' dir='ltr'><strong><em>πέρας</em></strong></span> <span class='ocrx_word' id='word_1_67' title='bbox 1025 1109 1190 1193; x_wconf 81' lang='grc' dir='ltr'><strong><em>λαβόντος,</em></strong></span> <span class='ocrx_word' id='word_1_68' title='bbox 1212 1114 1252 1176; x_wconf 81' lang='grc' dir='ltr'><strong><em>εἶ·-</em></strong></span> 
     </span>
    </p>

    <p class='ocr_par' dir='ltr' id='par_1_8' title="bbox 160 1204 1251 1294">
     <span class='ocr_line' id='line_1_9' title="bbox 160 1204 1251 1294; baseline 0.005 -22"><span class='ocrx_word' id='word_1_69' title='bbox 160 1208 272 1294; x_wconf 82' lang='grc' dir='ltr'><strong><em>φίεντο</em></strong></span> <span class='ocrx_word' id='word_1_70' title='bbox 290 1210 350 1288; x_wconf 83' lang='grc' dir='ltr'><strong><em>μὲν</em></strong></span> <span class='ocrx_word' id='word_1_71' title='bbox 364 1204 425 1271; x_wconf 85' lang='grc' dir='ltr'><strong><em>ύπό</em></strong></span> <span class='ocrx_word' id='word_1_72' title='bbox 452 1206 619 1287; x_wconf 84' lang='grc' dir='ltr'><strong><em>Ῥαμαίων</em></strong></span> <span class='ocrx_word' id='word_1_73' title='bbox 639 1205 678 1272; x_wconf 85' lang='grc' dir='ltr'><strong><em>τά</em></strong></span> <span class='ocrx_word' id='word_1_74' title='bbox 702 1210 888 1293; x_wconf 89' lang='grc' dir='ltr'><strong><em>συγκείμενα</em></strong></span> <span class='ocrx_word' id='word_1_75' title='bbox 908 1210 1127 1293; x_wconf 82' lang='grc' dir='ltr'><strong><em>κομισάμενοι,</em></strong></span> <span class='ocrx_word' id='word_1_76' title='bbox 1156 1212 1251 1277; x_wconf 88' lang='grc' dir='ltr'><strong><em>πάλιν</em></strong></span> 
     </span>
    </p>

    <p class='ocr_par' dir='ltr' id='par_1_9' title="bbox 121 1303 1251 1495">
     <span class='ocr_line' id='line_1_10' title="bbox 159 1303 1251 1394; baseline 0.003 -23"><span class='ocrx_word' id='word_1_77' title='bbox 159 1310 197 1371; x_wconf 79' lang='grc' dir='ltr'><strong><em>δὲ</em></strong></span> <span class='ocrx_word' id='word_1_78' title='bbox 230 1317 295 1381; x_wconf 82' lang='grc' dir='ltr'><strong><em>τοῖς</em></strong></span> <span class='ocrx_word' id='word_1_79' title='bbox 325 1304 417 1394; x_wconf 73' lang='grc' dir='ltr'><strong><em>όλίγιρ</em></strong></span> <span class='ocrx_word' id='word_1_80' title='bbox 448 1303 627 1392; x_wconf 73' lang='grc' dir='ltr'><strong><em>ἔμπροσθεν</em></strong></span> <span class='ocrx_word' id='word_1_81' title='bbox 656 1312 901 1391; x_wconf 82' lang='grc' dir='ltr'><strong><em>πολεμιωτάτοις</em></strong></span> <span class='ocrx_word' id='word_1_82' title='bbox 929 1309 1122 1391; x_wconf 79' lang='grc' dir='ltr'><strong><em>ξυνείποντο,</em></strong></span> <span class='ocrx_word' id='word_1_83' title='bbox 1151 1308 1251 1393; x_wconf 84' lang='grc' dir='ltr'><strong><em>τυχόν</em></strong></span> 
     </span>
     <span class='ocr_line' id='line_1_11' title="bbox 121 1400 1250 1495; baseline 0.001 -22"><span class='ocrx_word' id='word_1_84' title='bbox 121 1409 223 1487; x_wconf 78' lang='grc' dir='ltr'><strong><em>τομέν</em></strong></span> <span class='ocrx_word' id='word_1_85' title='bbox 243 1404 273 1468; x_wconf 86' lang='grc' dir='ltr'><strong><em>οἱ</em></strong></span> <span class='ocrx_word' id='word_1_86' title='bbox 289 1405 397 1487; x_wconf 77' lang='grc' dir='ltr'><strong><em>αὐτοί,</em></strong></span> <span class='ocrx_word' id='word_1_87' title='bbox 420 1402 516 1487; x_wconf 85' lang='grc' dir='ltr'><strong><em>τυχὸν</em></strong></span> <span class='ocrx_word' id='word_1_88' title='bbox 534 1408 568 1470; x_wconf 80' lang='grc' dir='ltr'><strong><em>δὲ</em></strong></span> <span class='ocrx_word' id='word_1_89' title='bbox 587 1406 702 1493; x_wconf 70' lang='grc' dir='ltr'><strong><em>ἕτεροι,</em></strong></span> <span class='ocrx_word' id='word_1_90' title='bbox 724 1406 874 1495; x_wconf 81' lang='grc' dir='ltr'><strong><em>Σάβειροι</em></strong></span> <span class='ocrx_word' id='word_1_91' title='bbox 891 1410 925 1473; x_wconf 76' lang='grc' dir='ltr'><strong><em>δὲ</em></strong></span> <span class='ocrx_word' id='word_1_92' title='bbox 942 1405 1028 1490; x_wconf 79' lang='grc' dir='ltr'><strong><em>ὅμως</em></strong></span> <span class='ocrx_word' id='word_1_93' title='bbox 1045 1400 1129 1485; x_wconf 82' lang='grc' dir='ltr'><strong><em>όντες</em></strong></span> <span class='ocrx_word' id='word_1_94' title='bbox 1144 1410 1198 1473; x_wconf 83' lang='grc' dir='ltr'><strong><em>καί</em></strong></span> <span class='ocrx_word' id='word_1_95' title='bbox 1215 1411 1250 1473; x_wconf 87' lang='grc' dir='ltr'><strong><em>ἐκ</em></strong></span> 
     </span>
    </p>

    <p class='ocr_par' dir='ltr' id='par_1_10' title="bbox 157 1500 1093 1590">
     <span class='ocr_line' id='line_1_12' title="bbox 157 1500 1093 1590; baseline 0.002 -21"><span class='ocrx_word' id='word_1_96' title='bbox 157 1506 217 1569; x_wconf 80' lang='grc' dir='ltr'><strong><em>τοῦ</em></strong></span> <span class='ocrx_word' id='word_1_97' title='bbox 235 1505 386 1589; x_wconf 81' lang='grc' dir='ltr'><strong><em>σφετέρου</em></strong></span> <span class='ocrx_word' id='word_1_98' title='bbox 405 1501 520 1579; x_wconf 82' lang='grc' dir='ltr'><strong><em>ἐθνους</em></strong></span> <span class='ocrx_word' id='word_1_99' title='bbox 534 1506 571 1581; x_wconf 82' lang='grc' dir='ltr'><strong><em>ἐς</em></strong></span> <span class='ocrx_word' id='word_1_100' title='bbox 582 1502 639 1589; x_wconf 74' lang='grc' dir='ltr'><strong><em>τὴν</em></strong></span> <span class='ocrx_word' id='word_1_101' title='bbox 659 1506 844 1588; x_wconf 81' lang='grc' dir='ltr'><strong><em>ξυμμαχίαν</em></strong></span> <span class='ocrx_word' id='word_1_102' title='bbox 859 1500 1093 1590; x_wconf 81' lang='grc' dir='ltr'><strong><em>ἆπεσταλμένοι.</em></strong></span> 
     </span>
    </p>

    <p class='ocr_par' dir='ltr' id='par_1_11' title="bbox 243 1595 1248 1692">
     <span class='ocr_line' id='line_1_13' title="bbox 243 1595 1248 1692; baseline 0.005 -28"><span class='ocrx_word' id='word_1_103' title='bbox 243 1603 294 1667; x_wconf 63' lang='grc' dir='ltr'><strong><em>ιδ’.</em></strong></span> <span class='ocrx_word' id='word_1_104' title='bbox 333 1600 456 1667; x_wconf 83' lang='grc' dir='ltr'><strong><em>Τούτων</em></strong></span> <span class='ocrx_word' id='word_1_105' title='bbox 474 1599 512 1687; x_wconf 73' lang='grc' dir='ltr'><strong><em>θη</em></strong></span> <span class='ocrx_word' id='word_1_106' title='bbox 532 1595 586 1667; x_wconf 85' lang='grc' dir='ltr'><strong><em>ούν</em></strong></span> <span class='ocrx_word' id='word_1_107' title='bbox 598 1604 830 1690; x_wconf 74' lang='grc' dir='ltr'><strong><em>τῶνΣαβειρων</em></strong></span> <span class='ocrx_word' id='word_1_108' title='bbox 850 1598 960 1692; x_wconf 73' lang='grc' dir='ltr'><strong><em>ἄνδρες</em></strong></span> <span class='ocrx_word' id='word_1_109' title='bbox 976 1608 1010 1682; x_wconf 84' lang='grc' dir='ltr'><strong><em>ἐς</em></strong></span> <span class='ocrx_word' id='word_1_110' title='bbox 1026 1608 1248 1684; x_wconf 80' lang='grc' dir='ltr'><strong><em>πεντακοσίους</em></strong></span> 
     </span>
    </p>

    <p class='ocr_par' dir='ltr' id='par_1_12' title="bbox 156 1698 1248 1792">
     <span class='ocr_line' id='line_1_14' title="bbox 156 1698 1248 1792; baseline 0 -24"><span class='ocrx_word' id='word_1_111' title='bbox 156 1707 192 1768; x_wconf 85' lang='grc' dir='ltr'><strong><em>ἐν</em></strong></span> <span class='ocrx_word' id='word_1_112' title='bbox 205 1698 355 1791; x_wconf 78' lang='grc' dir='ltr'><strong><em>ύπαιθριρ</em></strong></span> <span class='ocrx_word' id='word_1_113' title='bbox 373 1700 439 1766; x_wconf 84' lang='grc' dir='ltr'><strong><em>τινί</em></strong></span> <span class='ocrx_word' id='word_1_114' title='bbox 459 1707 704 1789; x_wconf 88' lang='grc' dir='ltr'><strong><em>περιαυλίσματι</em></strong></span> <span class='ocrx_word' id='word_1_115' title='bbox 727 1700 838 1791; x_wconf 69' lang='grc' dir='ltr'><strong><em>πύρ’ῥω</em></strong></span> <span class='ocrx_word' id='word_1_116' title='bbox 864 1730 924 1769; x_wconf 89' lang='grc' dir='ltr'><strong><em>που</em></strong></span> <span class='ocrx_word' id='word_1_117' title='bbox 947 1709 1010 1769; x_wconf 78' lang='grc' dir='ltr'><strong><em>τῶν</em></strong></span> <span class='ocrx_word' id='word_1_118' title='bbox 1031 1699 1135 1771; x_wconf 83' lang='grc' dir='ltr'><strong><em>άλλων</em></strong></span> <span class='ocrx_word' id='word_1_119' title='bbox 1151 1731 1248 1792; x_wconf 90' lang='grc' dir='ltr'><strong><em>στρα-</em></strong></span> 
     </span>
    </p>

    <p class='ocr_par' dir='ltr' id='par_1_13' title="bbox 119 1801 1280 1989">
     <span class='ocr_line' id='line_1_15' title="bbox 155 1801 1247 1893; baseline -0.003 -25"><span class='ocrx_word' id='word_1_120' title='bbox 155 1803 322 1883; x_wconf 88' lang='grc' dir='ltr'><strong><em>τευμάτων</em></strong></span> <span class='ocrx_word' id='word_1_121' title='bbox 340 1801 512 1884; x_wconf 78' lang='grc' dir='ltr'><strong><em>ἐτύγχανον</em></strong></span> <span class='ocrx_word' id='word_1_122' title='bbox 532 1804 743 1887; x_wconf 74' lang='grc' dir='ltr'><strong><em>ἐσκηνημένοι.</em></strong></span> <span class='ocrx_word' id='word_1_123' title='bbox 767 1801 787 1865; x_wconf 79' lang='grc' dir='ltr'><strong><em>ό</em></strong></span> <span class='ocrx_word' id='word_1_124' title='bbox 805 1801 842 1889; x_wconf 70' lang='grc' dir='ltr'><strong><em>δι’]</em></strong></span> <span class='ocrx_word' id='word_1_125' title='bbox 864 1803 1029 1893; x_wconf 77' lang='grc' dir='ltr'><strong><em>Μαξεντάρ</em></strong></span> <span class='ocrx_word' id='word_1_126' title='bbox 1046 1829 1079 1867; x_wconf 89' lang='grc' dir='ltr'><strong><em>τε</em></strong></span> <span class='ocrx_word' id='word_1_127' title='bbox 1097 1802 1152 1867; x_wconf 81' lang='grc' dir='ltr'><strong><em>καί</em></strong></span> <span class='ocrx_word' id='word_1_128' title='bbox 1167 1806 1247 1869; x_wconf 86' lang='grc' dir='ltr'><strong><em>Θεο-</em></strong></span> 
     </span>
     <span class='ocr_line' id='line_1_16' title="bbox 119 1894 1280 1989; baseline 0.002 -24"><span class='ocrx_word' id='word_1_129' title='bbox 119 1900 250 1989; x_wconf 73' lang='grc' dir='ltr'><strong><em>ιὸόάριρ</em></strong></span> <span class='ocrx_word' id='word_1_130' title='bbox 267 1903 449 1987; x_wconf 85' lang='grc' dir='ltr'><strong><em>σαφέστατα</em></strong></span> <span class='ocrx_word' id='word_1_131' title='bbox 466 1900 679 1984; x_wconf 76' lang='grc' dir='ltr'><strong><em>ἐγνωσμένον,</em></strong></span> <span class='ocrx_word' id='word_1_132' title='bbox 709 1902 765 1965; x_wconf 83' lang='grc' dir='ltr'><strong><em>καί</em></strong></span> <span class='ocrx_word' id='word_1_133' title='bbox 783 1897 833 1966; x_wconf 80' lang='grc' dir='ltr'><strong><em>ότι</em></strong></span> <span class='ocrx_word' id='word_1_134' title='bbox 856 1894 989 1967; x_wconf 79' lang='grc' dir='ltr'><strong><em>άνοπλον</em></strong></span> <span class='ocrx_word' id='word_1_135' title='bbox 1009 1898 1091 1967; x_wconf 83' lang='grc' dir='ltr'><strong><em>ούτω</em></strong></span> <span class='ocrx_word' id='word_1_136' title='bbox 1111 1928 1177 1978; x_wconf 92' lang='grc' dir='ltr'><strong><em>πως</em></strong></span> <span class='ocrx_word' id='word_1_137' title='bbox 1191 1899 1248 1968; x_wconf 80' lang='grc' dir='ltr'><strong><em>καί</em></strong></span> <span class='ocrx_word' id='word_1_138' title='bbox 1275 1940 1280 1947; x_wconf 94' lang='grc'><strong>-</strong></span> 
     </span>
    </p>

    <p class='ocr_par' dir='ltr' id='par_1_14' title="bbox 156 1992 1247 2087">
     <span class='ocr_line' id='line_1_17' title="bbox 156 1992 1247 2087; baseline 0.003 -24"><span class='ocrx_word' id='word_1_139' title='bbox 156 1996 323 2083; x_wconf 74' lang='grc' dir='ltr'><strong><em>ἀνειμένην</em></strong></span> <span class='ocrx_word' id='word_1_140' title='bbox 348 1996 420 2083; x_wconf 83' lang='grc' dir='ltr'><strong><em>τινά</em></strong></span> <span class='ocrx_word' id='word_1_141' title='bbox 443 1998 569 2063; x_wconf 73' lang='grc' dir='ltr'><strong><em>δίαιταν</em></strong></span> <span class='ocrx_word' id='word_1_142' title='bbox 595 1992 721 2083; x_wconf 83' lang='grc' dir='ltr'><strong><em>άγοντες</em></strong></span> <span class='ocrx_word' id='word_1_143' title='bbox 746 2001 960 2083; x_wconf 78' lang='grc' dir='ltr'><strong><em>διατελοῦσιν,</em></strong></span> <span class='ocrx_word' id='word_1_144' title='bbox 989 1994 1124 2087; x_wconf 71' lang='grc' dir='ltr'><strong><em>ἤλαυνον</em></strong></span> <span class='ocrx_word' id='word_1_145' title='bbox 1145 2001 1247 2079; x_wconf 83' lang='grc' dir='ltr'><strong><em>εύθύς</em></strong></span> 
     </span>
    </p>

    <p class='ocr_par' dir='ltr' id='par_1_15' title="bbox 156 2095 1248 2186">
     <span class='ocr_line' id='line_1_18' title="bbox 156 2095 1248 2186; baseline 0.001 -23"><span class='ocrx_word' id='word_1_146' title='bbox 156 2100 205 2163; x_wconf 83' lang='grc' dir='ltr'><strong><em>ἐπ’</em></strong></span> <span class='ocrx_word' id='word_1_147' title='bbox 223 2095 339 2172; x_wconf 85' lang='grc' dir='ltr'><strong><em>αύτούς</em></strong></span> <span class='ocrx_word' id='word_1_148' title='bbox 364 2096 560 2183; x_wconf 88' lang='grc' dir='ltr'><strong><em>τριακοσίους</em></strong></span> <span class='ocrx_word' id='word_1_149' title='bbox 585 2096 773 2181; x_wconf 88' lang='grc' dir='ltr'><strong><em>ἐπαγόμενοι</em></strong></span> <span class='ocrx_word' id='word_1_150' title='bbox 806 2099 948 2176; x_wconf 83' lang='grc' dir='ltr'><strong><em>ἱππότας.</em></strong></span> <span class='ocrx_word' id='word_1_151' title='bbox 989 2100 1188 2186; x_wconf 80' lang='grc' dir='ltr'><strong><em>περιστάντες</em></strong></span> <span class='ocrx_word' id='word_1_152' title='bbox 1211 2104 1248 2164; x_wconf 78' lang='grc' dir='ltr'><strong><em>δὲ</em></strong></span> 
     </span>
    </p>

    <p class='ocr_par' dir='ltr' id='par_1_16' title="bbox 155 2190 1275 2285">
     <span class='ocr_line' id='line_1_19' title="bbox 155 2190 1275 2285; baseline -0.002 -26"><span class='ocrx_word' id='word_1_153' title='bbox 155 2194 259 2285; x_wconf 74' lang='grc' dir='ltr'><strong><em>κύκλῳ</em></strong></span> <span class='ocrx_word' id='word_1_154' title='bbox 278 2193 313 2260; x_wconf 84' lang='grc' dir='ltr'><strong><em>τό</em></strong></span> <span class='ocrx_word' id='word_1_155' title='bbox 333 2190 501 2284; x_wconf 75' lang='grc' dir='ltr'><strong><em>έρκος,,(ἤν</em></strong></span> <span class='ocrx_word' id='word_1_156' title='bbox 517 2194 579 2283; x_wconf 83' lang='grc' dir='ltr'><strong><em>γάρ</em></strong></span> <span class='ocrx_word' id='word_1_157' title='bbox 596 2192 634 2261; x_wconf 86' lang='grc' dir='ltr'><strong><em>ού</em></strong></span> <span class='ocrx_word' id='word_1_158' title='bbox 651 2197 721 2261; x_wconf 87' lang='grc' dir='ltr'><strong><em>λίαν</em></strong></span> <span class='ocrx_word' id='word_1_159' title='bbox 738 2200 771 2273; x_wconf 84' lang='grc' dir='ltr'><strong><em>ἐς</em></strong></span> <span class='ocrx_word' id='word_1_160' title='bbox 791 2194 876 2283; x_wconf 81' lang='grc' dir='ltr'><strong><em>ύψος</em></strong></span> <span class='ocrx_word' id='word_1_161' title='bbox 892 2199 1016 2283; x_wconf 80' lang='grc' dir='ltr'><strong><em>άνέχον,</em></strong></span> <span class='ocrx_word' id='word_1_162' title='bbox 1037 2194 1108 2263; x_wconf 76' lang='grc' dir='ltr'><strong><em>ἄλλ’</em></strong></span> <span class='ocrx_word' id='word_1_163' title='bbox 1120 2202 1152 2275; x_wconf 86' lang='grc' dir='ltr'><strong><em>ἐς</em></strong></span> <span class='ocrx_word' id='word_1_164' title='bbox 1172 2192 1275 2264; x_wconf 72' lang='grc' dir='ltr'><strong><em>όσονῦ</em></strong></span> 
     </span>
    </p>

    <p class='ocr_par' dir='ltr' id='par_1_17' title="bbox 113 2290 1246 2486">
     <span class='ocr_line' id='line_1_20' title="bbox 153 2290 1246 2384; baseline 0.001 -23"><span class='ocrx_word' id='word_1_165' title='bbox 153 2294 288 2363; x_wconf 84' lang='grc' dir='ltr'><strong><em>ἱππότου</em></strong></span> <span class='ocrx_word' id='word_1_166' title='bbox 302 2290 415 2381; x_wconf 75' lang='grc' dir='ltr'><strong><em>ἀνδρὸς</em></strong></span> <span class='ocrx_word' id='word_1_167' title='bbox 427 2294 574 2360; x_wconf 81' lang='grc' dir='ltr'><strong><em>ἔκτοσθεν</em></strong></span> <span class='ocrx_word' id='word_1_168' title='bbox 588 2295 797 2383; x_wconf 83' lang='grc' dir='ltr'><strong><em>ἐφεστηκότος</em></strong></span> <span class='ocrx_word' id='word_1_169' title='bbox 820 2295 855 2362; x_wconf 86' lang='grc' dir='ltr'><strong><em>τὸ</em></strong></span> <span class='ocrx_word' id='word_1_170' title='bbox 873 2296 1037 2384; x_wconf 86' lang='grc' dir='ltr'><strong><em>πρόσωπον</em></strong></span> <span class='ocrx_word' id='word_1_171' title='bbox 1053 2298 1246 2383; x_wconf 84' lang='grc' dir='ltr'><strong><em>ύπερφαίνε-</em></strong></span> 
     </span>
     <span class='ocr_line' id='line_1_21' title="bbox 113 2386 1245 2486; baseline -0.001 -25"><span class='ocrx_word' id='word_1_172' title='bbox 113 2396 262 2486; x_wconf 55' lang='lat' dir='ltr'><strong>morat)</strong></span> <span class='ocrx_word' id='word_1_173' title='bbox 281 2390 377 2486; x_wconf 77' lang='grc' dir='ltr'><strong><em>τούτῳ</em></strong></span> <span class='ocrx_word' id='word_1_174' title='bbox 402 2392 441 2482; x_wconf 74' lang='grc' dir='ltr'><strong><em>δη</em></strong></span> <span class='ocrx_word' id='word_1_175' title='bbox 463 2386 519 2459; x_wconf 82' lang='grc' dir='ltr'><strong><em>σύν</em></strong></span> <span class='ocrx_word' id='word_1_176' title='bbox 540 2395 738 2479; x_wconf 87' lang='grc' dir='ltr'><strong><em>πελάσαντες,</em></strong></span> <span class='ocrx_word' id='word_1_177' title='bbox 759 2394 779 2460; x_wconf 87' lang='grc' dir='ltr'><strong><em>ἐ</em></strong></span> <span class='ocrx_word' id='word_1_178' title='bbox 797 2402 889 2460; x_wconf 89' lang='grc' dir='ltr'><strong><em>αλλον</em></strong></span> <span class='ocrx_word' id='word_1_179' title='bbox 907 2398 1058 2460; x_wconf 81' lang='grc' dir='ltr'><strong><em>πάντοθεν</em></strong></span> <span class='ocrx_word' id='word_1_180' title='bbox 1076 2392 1148 2471; x_wconf 86' lang='grc' dir='ltr'><strong><em>τούς</em></strong></span> <span class='ocrx_word' id='word_1_181' title='bbox 1163 2402 1245 2484; x_wconf 73' lang='grc' dir='ltr'><strong><em>βαρ-</em></strong></span> 
     </span>
    </p>

    <p class='ocr_par' dir='ltr' id='par_1_18' title="bbox 150 2491 1246 2584">
     <span class='ocr_line' id='line_1_22' title="bbox 150 2491 1246 2584; baseline -0.002 -24"><span class='ocrx_word' id='word_1_182' title='bbox 150 2495 276 2584; x_wconf 83' lang='grc' dir='ltr'><strong><em>βάρους</em></strong></span> <span class='ocrx_word' id='word_1_183' title='bbox 301 2491 456 2573; x_wconf 83' lang='grc' dir='ltr'><strong><em>άκοντίοις</em></strong></span> <span class='ocrx_word' id='word_1_184' title='bbox 476 2519 509 2560; x_wconf 85' lang='grc' dir='ltr'><strong><em>τε</em></strong></span> <span class='ocrx_word' id='word_1_185' title='bbox 530 2499 585 2561; x_wconf 82' lang='grc' dir='ltr'><strong><em>καί</em></strong></span> <span class='ocrx_word' id='word_1_186' title='bbox 599 2495 704 2570; x_wconf 89' lang='grc' dir='ltr'><strong><em>λίθοις</em></strong></span> <span class='ocrx_word' id='word_1_187' title='bbox 724 2500 781 2564; x_wconf 81' lang='grc' dir='ltr'><strong><em>καί</em></strong></span> <span class='ocrx_word' id='word_1_188' title='bbox 804 2496 990 2577; x_wconf 76' lang='grc' dir='ltr'><strong><em>τοξεύμασι,</em></strong></span> <span class='ocrx_word' id='word_1_189' title='bbox 1013 2497 1068 2560; x_wconf 82' lang='grc' dir='ltr'><strong><em>καί</em></strong></span> <span class='ocrx_word' id='word_1_190' title='bbox 1085 2495 1182 2559; x_wconf 79' lang='grc' dir='ltr'><strong><em>παντί</em></strong></span> <span class='ocrx_word' id='word_1_191' title='bbox 1199 2497 1246 2583; x_wconf 73' lang='grc' dir='ltr'><strong><em>τῷ</em></strong></span> 
     </span>
    </p>

    <p class='ocr_par' dir='ltr' id='par_1_19' title="bbox 150 2582 1328 2684">
     <span class='ocr_line' id='line_1_23' title="bbox 150 2582 1328 2684; baseline -0.001 -23"><span class='ocrx_word' id='word_1_192' title='bbox 150 2591 374 2684; x_wconf 81' lang='grc' dir='ltr'><strong><em>προστυχόντι.</em></strong></span> <span class='ocrx_word' id='word_1_193' title='bbox 396 2593 425 2658; x_wconf 82' lang='grc' dir='ltr'><strong><em>οἱ</em></strong></span> <span class='ocrx_word' id='word_1_194' title='bbox 443 2597 478 2658; x_wconf 77' lang='grc' dir='ltr'><strong><em>δὲ</em></strong></span> <span class='ocrx_word' id='word_1_195' title='bbox 495 2582 551 2662; x_wconf 82' lang='grc' dir='ltr'><strong><em>ούν</em></strong></span> <span class='ocrx_word' id='word_1_196' title='bbox 572 2599 700 2674; x_wconf 89' lang='grc' dir='ltr'><strong><em>πλειόυς</em></strong></span> <span class='ocrx_word' id='word_1_197' title='bbox 718 2592 801 2662; x_wconf 85' lang='grc' dir='ltr'><strong><em>εἶναι</em></strong></span> <span class='ocrx_word' id='word_1_198' title='bbox 818 2593 892 2672; x_wconf 86' lang='grc' dir='ltr'><strong><em>τούς</em></strong></span> <span class='ocrx_word' id='word_1_199' title='bbox 912 2593 1102 2670; x_wconf 85' lang='grc' dir='ltr'><strong><em>ἐπελθόντας</em></strong></span> <span class='ocrx_word' id='word_1_200' title='bbox 1119 2589 1141 2678; x_wconf 75' lang='grc' dir='ltr'><em>ἢ</em></span> <span class='ocrx_word' id='word_1_201' title='bbox 1161 2591 1243 2660; x_wconf 87' lang='grc' dir='ltr'><strong><em>κατά</em></strong></span> <span class='ocrx_word' id='word_1_202' title='bbox 1326 2655 1328 2667; x_wconf 90' lang='grc'><strong><em>,</em></strong></span> 
     </span>
    </p>
   </div>
   <div class='ocr_carea' id='block_1_3' title="bbox 222 2697 1244 2928">
    <p class='ocr_par' dir='ltr' id='par_1_20' title="bbox 222 2697 1244 2928">
     <span class='ocr_line' id='line_1_24' title="bbox 223 2697 1242 2784; baseline 0.002 -20"><span class='ocrx_word' id='word_1_203' title='bbox 223 2732 249 2768; x_wconf 73' lang='lat'><strong><em>2.</em></strong></span> <span class='ocrx_word' id='word_1_204' title='bbox 268 2711 515 2784; x_wconf 87' lang='grc' dir='ltr'><strong><em>παραταττόμενοι</em></strong></span> <span class='ocrx_word' id='word_1_205' title='bbox 532 2697 562 2766; x_wconf 76' lang='grc' dir='ltr'><strong><em>Β.</em></strong></span> <span class='ocrx_word' id='word_1_206' title='bbox 661 2717 685 2768; x_wconf 91' lang='grc'><strong><em>6.</em></strong></span> <span class='ocrx_word' id='word_1_207' title='bbox 712 2718 761 2768; x_wconf 88' lang='lat' dir='ltr'><strong>Pro</strong></span> <span class='ocrx_word' id='word_1_208' title='bbox 780 2717 965 2768; x_wconf 82' lang='grc' dir='ltr'><strong><em>κατέκτεινον</em></strong></span> <span class='ocrx_word' id='word_1_209' title='bbox 983 2716 1013 2765; x_wconf 85' lang='lat' dir='ltr'><strong><em>R.</em></strong></span> <span class='ocrx_word' id='word_1_210' title='bbox 1032 2710 1097 2762; x_wconf 77' lang='grc' dir='ltr'><strong><em>κατ’</em></strong></span> <span class='ocrx_word' id='word_1_211' title='bbox 1112 2712 1242 2770; x_wconf 72' lang='grc' dir='ltr'><strong><em>ἐκείνοις.</em></strong></span> 
     </span>
     <span class='ocr_line' id='line_1_25' title="bbox 225 2778 1244 2856; baseline 0 -21"><span class='ocrx_word' id='word_1_212' title='bbox 225 2788 265 2839; x_wconf 87' lang='grc' dir='ltr'><strong><em>ι6.</em></strong></span> <span class='ocrx_word' id='word_1_213' title='bbox 283 2785 326 2836; x_wconf 78' lang='grc' dir='ltr'><strong><em>ἐπ’</em></strong></span> <span class='ocrx_word' id='word_1_214' title='bbox 343 2779 446 2841; x_wconf 78' lang='grc' dir='ltr'><strong><em>αὐτούς</em></strong></span> <span class='ocrx_word' id='word_1_215' title='bbox 464 2782 553 2844; x_wconf 61' lang='lat' dir='ltr'><strong>edric</strong></span> <span class='ocrx_word' id='word_1_216' title='bbox 570 2788 598 2838; x_wconf 89' lang='lat' dir='ltr'><strong><em>R.</em></strong></span> <span class='ocrx_word' id='word_1_217' title='bbox 657 2803 696 2855; x_wconf 86' lang='lat'><strong><em>¹9·</em></strong></span> <span class='ocrx_word' id='word_1_218' title='bbox 717 2787 839 2842; x_wconf 69' lang='grc' dir='ltr'><strong><em>ἔκτοθεν</em></strong></span> <span class='ocrx_word' id='word_1_219' title='bbox 855 2787 884 2838; x_wconf 78' lang='lat' dir='ltr'><strong><em>tt</em></strong></span> <span class='ocrx_word' id='word_1_220' title='bbox 940 2803 981 2839; x_wconf 81' lang='lat' dir='ltr'><strong><em>nu.</em></strong></span> <span class='ocrx_word' id='word_1_221' title='bbox 1000 2778 1053 2856; x_wconf 73' lang='grc' dir='ltr'><strong><em>οὖν</em></strong></span> <span class='ocrx_word' id='word_1_222' title='bbox 1072 2781 1109 2837; x_wconf 86' lang='lat' dir='ltr'><strong><em>od</em></strong></span> <span class='ocrx_word' id='word_1_223' title='bbox 1125 2784 1244 2842; x_wconf 80' lang='grc' dir='ltr'><strong><em>πλείους</em></strong></span> 
     </span>
     <span class='ocr_line' id='line_1_26' title="bbox 222 2849 701 2928; baseline -0.006 -20"><span class='ocrx_word' id='word_1_224' title='bbox 222 2856 299 2908; x_wconf 77' lang='lat' dir='ltr'><strong>lter</strong></span> <span class='ocrx_word' id='word_1_225' title='bbox 320 2856 486 2926; x_wconf 90' lang='lat' dir='ltr'><strong>Lugd,sed</strong></span> <span class='ocrx_word' id='word_1_226' title='bbox 508 2873 560 2928; x_wconf 90' lang='lat' dir='ltr'><strong>mg.</strong></span> <span class='ocrx_word' id='word_1_227' title='bbox 586 2849 701 2910; x_wconf 81' lang='grc' dir='ltr'><strong><em>οὖνπλ.</em></strong></span> 
     </span>
    </p>
   </div>
   <div class='ocr_carea' id='block_1_4' title="bbox 147 2980 1243 3682">
    <p class='ocr_par' dir='ltr' id='par_1_21' title="bbox 147 2980 1243 3682">
     <span class='ocr_line' id='line_1_27' title="bbox 151 2980 1241 3053; baseline 0.004 -21"><span class='ocrx_word' id='word_1_228' title='bbox 151 2981 182 3034; x_wconf 83' lang='lat' dir='ltr'><strong>in</strong></span> <span class='ocrx_word' id='word_1_229' title='bbox 201 2982 338 3033; x_wconf 83' lang='lat' dir='ltr'><strong>contrariu</strong></span> <span class='ocrx_word' id='word_1_230' title='bbox 356 2980 472 3034; x_wconf 83' lang='lat' dir='ltr'><strong>subinde</strong></span> <span class='ocrx_word' id='word_1_231' title='bbox 491 2989 618 3034; x_wconf 82' lang='lat' dir='ltr'><strong>mutatur.</strong></span> <span class='ocrx_word' id='word_1_232' title='bbox 654 2983 826 3053; x_wconf 83' lang='lat' dir='ltr'><strong>Frequenter</strong></span> <span class='ocrx_word' id='word_1_233' title='bbox 849 2985 922 3035; x_wconf 86' lang='lat' dir='ltr'><strong>enim</strong></span> <span class='ocrx_word' id='word_1_234' title='bbox 945 3002 1005 3034; x_wconf 88' lang='lat' dir='ltr'><strong><em>cum</em></strong></span> <span class='ocrx_word' id='word_1_235' title='bbox 1022 2983 1157 3045; x_wconf 79' lang='lat' dir='ltr'><strong>Romanis,</strong></span> <span class='ocrx_word' id='word_1_236' title='bbox 1183 2985 1241 3036; x_wconf 84' lang='lat' dir='ltr'><strong>ire-</strong></span> 
     </span>
     <span class='ocr_line' id='line_1_28' title="bbox 155 3054 1242 3123; baseline 0.005 -22"><span class='ocrx_word' id='word_1_237' title='bbox 155 3061 273 3122; x_wconf 87' lang='lat' dir='ltr'><strong>quenter</strong></span> <span class='ocrx_word' id='word_1_238' title='bbox 290 3067 353 3104; x_wconf 87' lang='lat' dir='ltr'><strong>vero</strong></span> <span class='ocrx_word' id='word_1_239' title='bbox 373 3069 433 3104; x_wconf 83' lang='lat' dir='ltr'><strong><em>cum</em></strong></span> <span class='ocrx_word' id='word_1_240' title='bbox 450 3055 547 3115; x_wconf 85' lang='lat' dir='ltr'><strong>Persis,</strong></span> <span class='ocrx_word' id='word_1_241' title='bbox 565 3055 638 3104; x_wconf 88' lang='lat' dir='ltr'><strong>iuter</strong></span> <span class='ocrx_word' id='word_1_242' title='bbox 656 3071 714 3104; x_wconf 90' lang='lat' dir='ltr'><strong>sese</strong></span> <span class='ocrx_word' id='word_1_243' title='bbox 735 3054 840 3104; x_wconf 87' lang='lat' dir='ltr'><strong>bellum</strong></span> <span class='ocrx_word' id='word_1_244' title='bbox 858 3056 1024 3123; x_wconf 76' lang='lat' dir='ltr'><strong>gerentibus,</strong></span> <span class='ocrx_word' id='word_1_245' title='bbox 1043 3054 1179 3122; x_wconf 85' lang='lat' dir='ltr'><strong>proelium</strong></span> <span class='ocrx_word' id='word_1_246' title='bbox 1196 3057 1242 3106; x_wconf 92' lang='lat' dir='ltr'><strong>iu-</strong></span> 
     </span>
     <span class='ocr_line' id='line_1_29' title="bbox 151 3121 1241 3193; baseline 0.003 -22"><span class='ocrx_word' id='word_1_247' title='bbox 151 3123 259 3185; x_wconf 87' lang='lat' dir='ltr'><strong>ierunt,</strong></span> <span class='ocrx_word' id='word_1_248' title='bbox 287 3130 314 3174; x_wconf 88' lang='lat' dir='ltr'><strong><em>et</em></strong></span> <span class='ocrx_word' id='word_1_249' title='bbox 342 3124 438 3193; x_wconf 80' lang='lat' dir='ltr'><strong>exiguo</strong></span> <span class='ocrx_word' id='word_1_250' title='bbox 464 3124 594 3192; x_wconf 86' lang='lat' dir='ltr'><strong>temporis</strong></span> <span class='ocrx_word' id='word_1_251' title='bbox 614 3124 701 3192; x_wconf 77' lang='lat' dir='ltr'><strong>spatio</strong></span> <span class='ocrx_word' id='word_1_252' title='bbox 725 3125 888 3192; x_wconf 86' lang='lat' dir='ltr'><strong>interposito</strong></span> <span class='ocrx_word' id='word_1_253' title='bbox 908 3123 990 3175; x_wconf 90' lang='lat' dir='ltr'><strong>modo</strong></span> <span class='ocrx_word' id='word_1_254' title='bbox 1010 3123 1065 3185; x_wconf 92' lang='lat' dir='ltr'><strong>his,</strong></span> <span class='ocrx_word' id='word_1_255' title='bbox 1085 3121 1166 3173; x_wconf 90' lang='lat' dir='ltr'><strong>modo</strong></span> <span class='ocrx_word' id='word_1_256' title='bbox 1184 3121 1241 3175; x_wconf 88' lang='lat' dir='ltr'><strong>iliis</strong></span> 
     </span>
     <span class='ocr_line' id='line_1_30' title="bbox 150 3192 1243 3264; baseline 0 -21"><span class='ocrx_word' id='word_1_257' title='bbox 150 3195 345 3244; x_wconf 81' lang='lat' dir='ltr'><strong>mercenarium</strong></span> <span class='ocrx_word' id='word_1_258' title='bbox 360 3212 435 3246; x_wconf 80' lang='lat' dir='ltr'><strong>suam</strong></span> <span class='ocrx_word' id='word_1_259' title='bbox 451 3194 704 3263; x_wconf 83' lang='lat' dir='ltr'><strong>operumlocarunt.</strong></span> <span class='ocrx_word' id='word_1_260' title='bbox 744 3193 816 3244; x_wconf 85' lang='lat' dir='ltr'><strong><em>Num</em></strong></span> <span class='ocrx_word' id='word_1_261' title='bbox 834 3195 925 3264; x_wconf 85' lang='lat' dir='ltr'><strong>priore</strong></span> <span class='ocrx_word' id='word_1_262' title='bbox 944 3193 1019 3244; x_wconf 87' lang='lat' dir='ltr'><strong>bello</strong></span> <span class='ocrx_word' id='word_1_263' title='bbox 1042 3192 1168 3242; x_wconf 82' lang='lat' dir='ltr'><strong>adversus</strong></span> <span class='ocrx_word' id='word_1_264' title='bbox 1177 3192 1243 3243; x_wconf 89' lang='lat' dir='ltr'><strong>Per·</strong></span> 
     </span>
     <span class='ocr_line' id='line_1_31' title="bbox 150 3263 1238 3333; baseline 0.002 -21"><span class='ocrx_word' id='word_1_265' title='bbox 150 3279 191 3312; x_wconf 88' lang='lat' dir='ltr'><strong><em>sas</em></strong></span> <span class='ocrx_word' id='word_1_266' title='bbox 209 3272 380 3333; x_wconf 84' lang='lat' dir='ltr'><strong>pugnarunt,</strong></span> <span class='ocrx_word' id='word_1_267' title='bbox 401 3280 461 3315; x_wconf 90' lang='lat' dir='ltr'><strong><em>cum</em></strong></span> <span class='ocrx_word' id='word_1_268' title='bbox 479 3264 579 3314; x_wconf 88' lang='lat' dir='ltr'><strong>multos</strong></span> <span class='ocrx_word' id='word_1_269' title='bbox 603 3264 808 3314; x_wconf 87' lang='lat' dir='ltr'><strong>Dilimniturum</strong></span> <span class='ocrx_word' id='word_1_270' title='bbox 831 3265 861 3314; x_wconf 88' lang='lat' dir='ltr'><strong>in</strong></span> <span class='ocrx_word' id='word_1_271' title='bbox 887 3281 915 3313; x_wconf 90' lang='lat' dir='ltr'><strong><em>se</em></strong></span> <span class='ocrx_word' id='word_1_272' title='bbox 944 3263 1079 3313; x_wconf 88' lang='lat' dir='ltr'><strong>irruentes</strong></span> <span class='ocrx_word' id='word_1_273' title='bbox 1105 3269 1238 3314; x_wconf 87' lang='lat' dir='ltr'><strong>nocturno</strong></span> 
     </span>
     <span class='ocr_line' id='line_1_32' title="bbox 148 3329 1239 3405; baseline -0.002 -21"><span class='ocrx_word' id='word_1_274' title='bbox 148 3335 256 3400; x_wconf 84' lang='lat' dir='ltr'><strong>proelio</strong></span> <span class='ocrx_word' id='word_1_275' title='bbox 275 3333 458 3395; x_wconf 82' lang='lat' dir='ltr'><strong>trucidarunt,</strong></span> <span class='ocrx_word' id='word_1_276' title='bbox 480 3332 710 3405; x_wconf 85' lang='lat' dir='ltr'><strong>quemadmodum</strong></span> <span class='ocrx_word' id='word_1_277' title='bbox 725 3329 806 3401; x_wconf 83' lang='lat' dir='ltr'><strong>&#39;supra</strong></span> <span class='ocrx_word' id='word_1_278' title='bbox 825 3333 941 3388; x_wconf 85' lang='lat' dir='ltr'><strong>narravi.</strong></span> <span class='ocrx_word' id='word_1_279' title='bbox 985 3332 1047 3402; x_wconf 83' lang='lat' dir='ltr'><strong><em>Quo</em></strong></span> <span class='ocrx_word' id='word_1_280' title='bbox 1066 3332 1158 3382; x_wconf 86' lang='lat' dir='ltr'><strong>statim</strong></span> <span class='ocrx_word' id='word_1_281' title='bbox 1176 3331 1239 3382; x_wconf 86' lang='lat' dir='ltr'><strong>bel-</strong></span> 
     </span>
     <span class='ocr_line' id='line_1_33' title="bbox 148 3400 1240 3474; baseline 0.003 -22"><span class='ocrx_word' id='word_1_282' title='bbox 148 3401 175 3454; x_wconf 90' lang='lat' dir='ltr'><strong><em>lo</em></strong></span> <span class='ocrx_word' id='word_1_283' title='bbox 196 3405 337 3467; x_wconf 88' lang='lat' dir='ltr'><strong>confecto,</strong></span> <span class='ocrx_word' id='word_1_284' title='bbox 357 3404 463 3457; x_wconf 84' lang='lat' dir='ltr'><strong>dimissi</strong></span> <span class='ocrx_word' id='word_1_285' title='bbox 481 3403 593 3474; x_wconf 88' lang='lat' dir='ltr'><strong>quidem</strong></span> <span class='ocrx_word' id='word_1_286' title='bbox 612 3413 709 3455; x_wconf 87' lang='lat' dir='ltr'><strong>sunta</strong></span> <span class='ocrx_word' id='word_1_287' title='bbox 731 3403 865 3466; x_wconf 79' lang='lat' dir='ltr'><strong>Romanis,</strong></span> <span class='ocrx_word' id='word_1_288' title='bbox 882 3400 1017 3467; x_wconf 84' lang='lat' dir='ltr'><strong>mercede,</strong></span> <span class='ocrx_word' id='word_1_289' title='bbox 1039 3401 1073 3452; x_wconf 88' lang='lat' dir='ltr'><strong>de</strong></span> <span class='ocrx_word' id='word_1_290' title='bbox 1092 3419 1146 3472; x_wconf 84' lang='lat' dir='ltr'><strong><em>qun</em></strong></span> <span class='ocrx_word' id='word_1_291' title='bbox 1166 3403 1240 3454; x_wconf 86' lang='lat' dir='ltr'><strong>inter</strong></span> 
     </span>
     <span class='ocr_line' id='line_1_34' title="bbox 147 3472 1240 3545; baseline 0.003 -23"><span class='ocrx_word' id='word_1_292' title='bbox 147 3472 223 3540; x_wconf 84' lang='lat' dir='ltr'><strong>ipsos</strong></span> <span class='ocrx_word' id='word_1_293' title='bbox 239 3483 410 3538; x_wconf 86' lang='lat' dir='ltr'><strong>convenerat,</strong></span> <span class='ocrx_word' id='word_1_294' title='bbox 434 3483 554 3544; x_wconf 82' lang='lat' dir='ltr'><strong>accepta;</strong></span> <span class='ocrx_word' id='word_1_295' title='bbox 575 3484 670 3543; x_wconf 84' lang='lat' dir='ltr'><strong>postea</strong></span> <span class='ocrx_word' id='word_1_296' title='bbox 690 3482 781 3524; x_wconf 84' lang='lat' dir='ltr'><strong>autem</strong></span> <span class='ocrx_word' id='word_1_297' title='bbox 802 3477 921 3545; x_wconf 86' lang='lat' dir='ltr'><strong>eos,qui</strong></span> <span class='ocrx_word' id='word_1_298' title='bbox 940 3481 1018 3525; x_wconf 82' lang='lat' dir='ltr'><strong>antea</strong></span> <span class='ocrx_word' id='word_1_299' title='bbox 1035 3473 1103 3541; x_wconf 87' lang='lat' dir='ltr'><strong>ipsis</strong></span> <span class='ocrx_word' id='word_1_300' title='bbox 1129 3475 1240 3525; x_wconf 81' lang='lat' dir='ltr'><strong>fuerant</strong></span> 
     </span>
     <span class='ocr_line' id='line_1_35' title="bbox 149 3543 1239 3612; baseline 0.005 -21"><span class='ocrx_word' id='word_1_301' title='bbox 149 3543 274 3594; x_wconf 83' lang='lat' dir='ltr'><strong>acerrimi</strong></span> <span class='ocrx_word' id='word_1_302' title='bbox 298 3543 404 3609; x_wconf 87' lang='lat' dir='ltr'><strong>hostes,</strong></span> <span class='ocrx_word' id='word_1_303' title='bbox 431 3555 495 3597; x_wconf 90' lang='lat' dir='ltr'><strong>sunt</strong></span> <span class='ocrx_word' id='word_1_304' title='bbox 511 3548 615 3609; x_wconf 89' lang='lat' dir='ltr'><strong>secuti,</strong></span> <span class='ocrx_word' id='word_1_305' title='bbox 639 3546 694 3596; x_wconf 87' lang='lat' dir='ltr'><strong>sive</strong></span> <span class='ocrx_word' id='word_1_306' title='bbox 715 3543 745 3594; x_wconf 90' lang='lat' dir='ltr'><strong>hi</strong></span> <span class='ocrx_word' id='word_1_307' title='bbox 764 3545 837 3612; x_wconf 85' lang='lat' dir='ltr'><strong>ipsi,</strong></span> <span class='ocrx_word' id='word_1_308' title='bbox 867 3545 923 3597; x_wconf 89' lang='lat' dir='ltr'><strong>sive</strong></span> <span class='ocrx_word' id='word_1_309' title='bbox 941 3545 1007 3609; x_wconf 84' lang='lat' dir='ltr'><strong>alii,</strong></span> <span class='ocrx_word' id='word_1_310' title='bbox 1033 3543 1122 3594; x_wconf 81' lang='lat' dir='ltr'><strong>Sabiri</strong></span> <span class='ocrx_word' id='word_1_311' title='bbox 1147 3551 1239 3596; x_wconf 80' lang='lat' dir='ltr'><strong>tamen</strong></span> 
     </span>
     <span class='ocr_line' id='line_1_36' title="bbox 149 3615 973 3682; baseline 0.005 -22"><span class='ocrx_word' id='word_1_312' title='bbox 149 3618 230 3662; x_wconf 84' lang='lat' dir='ltr'><strong>etex</strong></span> <span class='ocrx_word' id='word_1_313' title='bbox 249 3629 296 3663; x_wconf 86' lang='lat' dir='ltr'><strong>sua</strong></span> <span class='ocrx_word' id='word_1_314' title='bbox 316 3623 394 3682; x_wconf 87' lang='lat' dir='ltr'><strong>gente</strong></span> <span class='ocrx_word' id='word_1_315' title='bbox 414 3615 449 3666; x_wconf 85' lang='lat' dir='ltr'><strong><em>ad</em></strong></span> <span class='ocrx_word' id='word_1_316' title='bbox 467 3617 566 3667; x_wconf 79' lang='lat' dir='ltr'><strong>sociale</strong></span> <span class='ocrx_word' id='word_1_317' title='bbox 585 3633 646 3668; x_wconf 88' lang='lat' dir='ltr'><strong>eum</strong></span> <span class='ocrx_word' id='word_1_318' title='bbox 663 3615 749 3666; x_wconf 84' lang='lat' dir='ltr'><strong>Persis</strong></span> <span class='ocrx_word' id='word_1_319' title='bbox 768 3615 873 3666; x_wconf 90' lang='lat' dir='ltr'><strong>bellum</strong></span> <span class='ocrx_word' id='word_1_320' title='bbox 891 3616 973 3667; x_wconf 89' lang='lat' dir='ltr'><strong>missi.</strong></span> 
     </span>
    </p>
   </div>
   <div class='ocr_carea' id='block_1_5' title="bbox 147 3696 1238 4336">
    <p class='ocr_par' dir='ltr' id='par_1_22' title="bbox 147 3696 1238 4336">
     <span class='ocr_line' id='line_1_37' title="bbox 223 3696 1237 3772; baseline 0.005 -25"><span class='ocrx_word' id='word_1_321' title='bbox 223 3696 261 3763; x_wconf 70' lang='lat'><strong><em>14.</em></strong></span> <span class='ocrx_word' id='word_1_322' title='bbox 295 3699 334 3748; x_wconf 84' lang='lat' dir='ltr'><strong><em>Ex</em></strong></span> <span class='ocrx_word' id='word_1_323' title='bbox 347 3699 389 3750; x_wconf 89' lang='lat' dir='ltr'><strong><em>his</em></strong></span> <span class='ocrx_word' id='word_1_324' title='bbox 406 3703 499 3772; x_wconf 85' lang='lat' dir='ltr'><strong>itaque</strong></span> <span class='ocrx_word' id='word_1_325' title='bbox 516 3703 617 3755; x_wconf 84' lang='lat' dir='ltr'><strong>Sabiris</strong></span> <span class='ocrx_word' id='word_1_326' title='bbox 632 3701 684 3754; x_wconf 85' lang='lat' dir='ltr'><strong>viri</strong></span> <span class='ocrx_word' id='word_1_327' title='bbox 701 3703 844 3772; x_wconf 81' lang='lat' dir='ltr'><strong>quingenti</strong></span> <span class='ocrx_word' id='word_1_328' title='bbox 862 3705 892 3754; x_wconf 90' lang='lat' dir='ltr'><strong>in</strong></span> <span class='ocrx_word' id='word_1_329' title='bbox 911 3701 1019 3754; x_wconf 86' lang='lat' dir='ltr'><strong>stabulo</strong></span> <span class='ocrx_word' id='word_1_330' title='bbox 1038 3698 1155 3770; x_wconf 80' lang='lat' dir='ltr'><strong>quodam</strong></span> <span class='ocrx_word' id='word_1_331' title='bbox 1170 3699 1237 3752; x_wconf 89' lang='lat' dir='ltr'><strong>sub-</strong></span> 
     </span>
     <span class='ocr_line' id='line_1_38' title="bbox 148 3757 1235 3843; baseline 0.006 -26"><span class='ocrx_word' id='word_1_332' title='bbox 148 3757 211 3832; x_wconf 87' lang='lat' dir='ltr'><strong>divo</strong></span> <span class='ocrx_word' id='word_1_333' title='bbox 228 3768 398 3836; x_wconf 85' lang='lat' dir='ltr'><strong>iougiusculc</strong></span> <span class='ocrx_word' id='word_1_334' title='bbox 412 3791 426 3822; x_wconf 83' lang='lat' dir='ltr'>a</span> <span class='ocrx_word' id='word_1_335' title='bbox 439 3775 545 3843; x_wconf 88' lang='lat' dir='ltr'><strong>reliquo</strong></span> <span class='ocrx_word' id='word_1_336' title='bbox 558 3777 680 3825; x_wconf 78' lang='lat' dir='ltr'><strong>exercitu</strong></span> <span class='ocrx_word' id='word_1_337' title='bbox 699 3773 795 3825; x_wconf 87' lang='lat' dir='ltr'><strong>dissito</strong></span> <span class='ocrx_word' id='word_1_338' title='bbox 808 3772 999 3837; x_wconf 73' lang='lat' dir='ltr'><strong>consederant,</strong></span> <span class='ocrx_word' id='word_1_339' title='bbox 1023 3770 1097 3840; x_wconf 91' lang='lat' dir='ltr'><strong>quod</strong></span> <span class='ocrx_word' id='word_1_340' title='bbox 1122 3771 1235 3841; x_wconf 88' lang='lat' dir='ltr'><strong>quidem</strong></span> 
     </span>
     <span class='ocr_line' id='line_1_39' title="bbox 147 3835 1238 3913; baseline 0.004 -27"><span class='ocrx_word' id='word_1_341' title='bbox 147 3853 209 3912; x_wconf 82' lang='lat' dir='ltr'><strong><em>cum</em></strong></span> <span class='ocrx_word' id='word_1_342' title='bbox 233 3835 388 3890; x_wconf 78' lang='lat' dir='ltr'><strong>Maxentius</strong></span> <span class='ocrx_word' id='word_1_343' title='bbox 417 3851 445 3893; x_wconf 86' lang='lat' dir='ltr'><strong><em>et</em></strong></span> <span class='ocrx_word' id='word_1_344' title='bbox 465 3843 626 3896; x_wconf 85' lang='lat' dir='ltr'><strong>Theodorus</strong></span> <span class='ocrx_word' id='word_1_345' title='bbox 647 3845 727 3913; x_wconf 85' lang='lat' dir='ltr'><strong>plane</strong></span> <span class='ocrx_word' id='word_1_346' title='bbox 751 3845 953 3912; x_wconf 78' lang='lat' dir='ltr'><strong>cognovissent,</strong></span> <span class='ocrx_word' id='word_1_347' title='bbox 975 3840 1105 3910; x_wconf 89' lang='lat' dir='ltr'><strong>quodque</strong></span> <span class='ocrx_word' id='word_1_348' title='bbox 1125 3842 1165 3893; x_wconf 89' lang='lat' dir='ltr'><strong><em>ibi</em></strong></span> <span class='ocrx_word' id='word_1_349' title='bbox 1182 3859 1238 3910; x_wconf 89' lang='lat' dir='ltr'><strong>po..</strong></span> 
     </span>
     <span class='ocr_line' id='line_1_40' title="bbox 148 3907 1234 3982; baseline 0.007 -27"><span class='ocrx_word' id='word_1_350' title='bbox 148 3907 208 3956; x_wconf 88' lang='lat' dir='ltr'><strong>sitis</strong></span> <span class='ocrx_word' id='word_1_351' title='bbox 233 3909 312 3960; x_wconf 81' lang='lat' dir='ltr'><strong>armis</strong></span> <span class='ocrx_word' id='word_1_352' title='bbox 338 3911 506 3980; x_wconf 81' lang='lat' dir='ltr'><strong>negligenter</strong></span> <span class='ocrx_word' id='word_1_353' title='bbox 524 3915 661 3975; x_wconf 89' lang='lat' dir='ltr'><strong>viverent,</strong></span> <span class='ocrx_word' id='word_1_354' title='bbox 685 3915 828 3965; x_wconf 85' lang='lat' dir='ltr'><strong>confestim</strong></span> <span class='ocrx_word' id='word_1_355' title='bbox 845 3915 876 3965; x_wconf 92' lang='lat' dir='ltr'><strong>iu</strong></span> <span class='ocrx_word' id='word_1_356' title='bbox 903 3931 948 3964; x_wconf 89' lang='lat' dir='ltr'><strong><em>eos</em></strong></span> <span class='ocrx_word' id='word_1_357' title='bbox 969 3919 1104 3962; x_wconf 89' lang='lat' dir='ltr'><strong>trecentos</strong></span> <span class='ocrx_word' id='word_1_358' title='bbox 1126 3913 1234 3982; x_wconf 91' lang='lat' dir='ltr'><strong>equites</strong></span> 
     </span>
     <span class='ocr_line' id='line_1_41' title="bbox 147 3973 1235 4052; baseline 0.007 -26"><span class='ocrx_word' id='word_1_359' title='bbox 147 3973 295 4036; x_wconf 77' lang='lat' dir='ltr'><strong>duxerunt.</strong></span> <span class='ocrx_word' id='word_1_360' title='bbox 329 3979 408 4032; x_wconf 89' lang='lat' dir='ltr'><strong>Muro</strong></span> <span class='ocrx_word' id='word_1_361' title='bbox 424 3983 514 4052; x_wconf 89' lang='lat' dir='ltr'><strong>itaque</strong></span> <span class='ocrx_word' id='word_1_362' title='bbox 530 3985 560 4036; x_wconf 91' lang='lat' dir='ltr'><strong>iu</strong></span> <span class='ocrx_word' id='word_1_363' title='bbox 579 3983 672 4035; x_wconf 88' lang='lat' dir='ltr'><strong>orbem</strong></span> <span class='ocrx_word' id='word_1_364' title='bbox 685 3985 867 4046; x_wconf 83' lang='lat' dir='ltr'><strong>circumsesso,</strong></span> <span class='ocrx_word' id='word_1_365' title='bbox 885 3982 1072 4052; x_wconf 89' lang='lat' dir='ltr'><strong>(nequeenim</strong></span> <span class='ocrx_word' id='word_1_366' title='bbox 1090 3982 1138 4034; x_wconf 91' lang='lat' dir='ltr'><strong>ille</strong></span> <span class='ocrx_word' id='word_1_367' title='bbox 1155 3981 1235 4034; x_wconf 83' lang='lat' dir='ltr'><strong>valde</strong></span> 
     </span>
     <span class='ocr_line' id='line_1_42' title="bbox 150 4047 1234 4121; baseline 0.006 -26"><span class='ocrx_word' id='word_1_368' title='bbox 150 4051 209 4098; x_wconf 80' lang='lat' dir='ltr'><strong>erat</strong></span> <span class='ocrx_word' id='word_1_369' title='bbox 226 4049 305 4112; x_wconf 85' lang='lat' dir='ltr'><strong>altus,</strong></span> <span class='ocrx_word' id='word_1_370' title='bbox 326 4047 374 4100; x_wconf 86' lang='lat' dir='ltr'><strong>scd</strong></span> <span class='ocrx_word' id='word_1_371' title='bbox 389 4051 428 4100; x_wconf 84' lang='lat' dir='ltr'><strong><em>ita</em></strong></span> <span class='ocrx_word' id='word_1_372' title='bbox 442 4060 558 4116; x_wconf 86' lang='lat' dir='ltr'><strong>tautum,</strong></span> <span class='ocrx_word' id='word_1_373' title='bbox 572 4062 604 4104; x_wconf 94' lang='lat' dir='ltr'><strong>ut</strong></span> <span class='ocrx_word' id='word_1_374' title='bbox 617 4054 717 4120; x_wconf 87' lang='lat' dir='ltr'><strong>equitis</strong></span> <span class='ocrx_word' id='word_1_375' title='bbox 734 4061 810 4103; x_wconf 83' lang='lat' dir='ltr'><strong>extra</strong></span> <span class='ocrx_word' id='word_1_376' title='bbox 824 4054 920 4103; x_wconf 85' lang='lat' dir='ltr'><strong>stantis</strong></span> <span class='ocrx_word' id='word_1_377' title='bbox 939 4053 1021 4121; x_wconf 79' lang='lat' dir='ltr'><strong>socies</strong></span> <span class='ocrx_word' id='word_1_378' title='bbox 1036 4055 1155 4120; x_wconf 86' lang='lat' dir='ltr'><strong>prospici</strong></span> <span class='ocrx_word' id='word_1_379' title='bbox 1169 4069 1234 4120; x_wconf 89' lang='lat' dir='ltr'><strong>pos-</strong></span> 
     </span>
     <span class='ocr_line' id='line_1_43' title="bbox 149 4117 1234 4192; baseline 0.004 -26"><span class='ocrx_word' id='word_1_380' title='bbox 149 4117 431 4192; x_wconf 72' lang='lat' dir='ltr'><strong>set,)huic,inquu1n,</strong></span> <span class='ocrx_word' id='word_1_381' title='bbox 446 4137 523 4172; x_wconf 90' lang='lat' dir='ltr'><strong>muro</strong></span> <span class='ocrx_word' id='word_1_382' title='bbox 538 4123 796 4192; x_wconf 66' lang='lat' dir='ltr'><strong>nppropinquantes,</strong></span> <span class='ocrx_word' id='word_1_383' title='bbox 814 4121 888 4173; x_wconf 87' lang='lat' dir='ltr'><strong>omui</strong></span> <span class='ocrx_word' id='word_1_384' title='bbox 903 4139 936 4173; x_wconf 81' lang='lat' dir='ltr'><strong>ex</strong></span> <span class='ocrx_word' id='word_1_385' title='bbox 947 4131 1024 4192; x_wconf 86' lang='lat' dir='ltr'><strong>parte</strong></span> <span class='ocrx_word' id='word_1_386' title='bbox 1042 4122 1170 4174; x_wconf 84' lang='lat' dir='ltr'><strong>barbaros</strong></span> <span class='ocrx_word' id='word_1_387' title='bbox 1191 4123 1234 4171; x_wconf 82' lang='lat' dir='ltr'><strong>ia-</strong></span> 
     </span>
     <span class='ocr_line' id='line_1_44' title="bbox 150 4188 1233 4262; baseline 0.005 -27"><span class='ocrx_word' id='word_1_388' title='bbox 150 4188 231 4252; x_wconf 85' lang='lat' dir='ltr'><strong>culis,</strong></span> <span class='ocrx_word' id='word_1_389' title='bbox 250 4189 337 4255; x_wconf 74' lang='lat' dir='ltr'><strong>s&#39;axis,</strong></span> <span class='ocrx_word' id='word_1_390' title='bbox 358 4193 462 4262; x_wconf 83' lang='lat' dir='ltr'><strong>sagittis</strong></span> <span class='ocrx_word' id='word_1_391' title='bbox 486 4199 514 4242; x_wconf 86' lang='lat' dir='ltr'><strong>ct</strong></span> <span class='ocrx_word' id='word_1_392' title='bbox 536 4193 631 4260; x_wconf 88' lang='lat' dir='ltr'><strong>quovis</strong></span> <span class='ocrx_word' id='word_1_393' title='bbox 654 4191 708 4243; x_wconf 81' lang='lat' dir='ltr'><strong>olio</strong></span> <span class='ocrx_word' id='word_1_394' title='bbox 725 4191 842 4243; x_wconf 84' lang='lat' dir='ltr'><strong>telorum</strong></span> <span class='ocrx_word' id='word_1_395' title='bbox 862 4210 958 4262; x_wconf 84' lang='lat' dir='ltr'><strong>genere</strong></span> <span class='ocrx_word' id='word_1_396' title='bbox 981 4193 1124 4244; x_wconf 80' lang='lat' dir='ltr'><strong>feriebant</strong></span> <span class='ocrx_word' id='word_1_397' title='bbox 1161 4191 1233 4241; x_wconf 89' lang='lat' dir='ltr'><strong><em>Tum</em></strong></span> 
     </span>
     <span class='ocr_line' id='line_1_45' title="bbox 150 4249 1231 4336; baseline 0.001 -24"><span class='ocrx_word' id='word_1_398' title='bbox 150 4249 183 4306; x_wconf 78' lang='lat' dir='ltr'><strong><em>hi&#39;</em></strong></span> <span class='ocrx_word' id='word_1_399' title='bbox 200 4260 290 4328; x_wconf 84' lang='lat' dir='ltr'><strong>plures</strong></span> <span class='ocrx_word' id='word_1_400' title='bbox 308 4277 366 4315; x_wconf 86' lang='lat' dir='ltr'><strong>esse</strong></span> <span class='ocrx_word' id='word_1_401' title='bbox 381 4261 491 4328; x_wconf 87' lang='lat' dir='ltr'><strong>hostes,</strong></span> <span class='ocrx_word' id='word_1_402' title='bbox 509 4278 592 4336; x_wconf 77' lang='lat' dir='ltr'><strong>quem</strong></span> <span class='ocrx_word' id='word_1_403' title='bbox 609 4277 702 4318; x_wconf 78' lang='lat' dir='ltr'><strong>revera</strong></span> <span class='ocrx_word' id='word_1_404' title='bbox 719 4271 811 4326; x_wconf 75' lang='lat' dir='ltr'><strong>erant,</strong></span> <span class='ocrx_word' id='word_1_405' title='bbox 835 4264 966 4334; x_wconf 80' lang='lat' dir='ltr'><strong>suspicati</strong></span> <span class='ocrx_word' id='word_1_406' title='bbox 983 4262 1119 4333; x_wconf 86' lang='lat' dir='ltr'><strong>simulque</strong></span> <span class='ocrx_word' id='word_1_407' title='bbox 1137 4259 1231 4329; x_wconf 87' lang='lat' dir='ltr'><strong>inopi·</strong></span> 
     </span>
    </p>
   </div>
   <div class='ocr_carea' id='block_1_6' title="bbox 0 0 1560 4950">
    <p class='ocr_par' dir='ltr' id='par_1_23' title="bbox 0 0 1560 4950">
     <span class='ocr_line' id='line_1_46' title="bbox 0 0 1560 4950; baseline 0 3"><span class='ocrx_word' id='word_1_408' title='bbox 0 0 1560 4950; x_wconf 95' lang='lat' dir='ltr'><strong><em> </em></strong></span> 
     </span>
    </p>
   </div>
  </div>
 </body>
</html>
