3109 4950
453 325 737 390 ursrounnou
753 329 819 430 iv.
841 330 892 396 so.
1148 293 1231 418 275

146 479 266 570 εἴρομαι
280 477 404 567 τρόπον.
426 478 703 563 λοχιζόμενοςιλὲό
719 477 874 566 Χοσρόης,
890 475 933 556 ἀς
954 477 1015 564 ούχ
1032 461 1305 572 oldus-adepte
1315 491 1369 550 ted

146 581 208 647 ἀνά
233 579 291 666 την
320 577 468 662 Κολχελλα
490 580 550 662 γῆν
570 575 839 664 πρόςῬωμαίους
866 579 1139 665 παρατάττεσθαι,
1166 562 1259 648 τεόνι
1273 562 1336 618 ¹¹³⁰

144 684 209 762 μὲν
215 681 272 765 τῆς
287 677 449 762 θαλάττης
463 674 671 762 κρατούντων,
691 677 747 741 καί
761 671 898 760 ἅπαντα,
914 669 959 748 οἷν
974 670 1014 744 ἀν
1032 681 1159 762 δέοιντο,
1172 677 1264 772 ppt)

96 863 100 867 g
146 782 221 858 δίοις
235 781 364 846 ἐνθένδε
382 777 679 861 μεταπεμπομένων,
701 776 802 841 αύτού
821 779 856 842 δὲ
874 774 927 842 διὰ
939 781 1065 864 μακράς
1079 773 1158 843 sideri
1175 781 1233 858 καὶ

125 880 263 967 όέρήμου
283 875 376 960 μόλις
394 884 461 952 τοῖς
481 863 781 961 στρατοπεδεύουσιν
800 876 953 960 έλάχιστα
974 877 1051 959 γούν
1069 879 1133 942 τῶν
1150 881 1231 944 ἐδιο-Ι

144 977 245 1060 ἀίμων
262 973 322 1040 tat
341 971 537 1061 ἀχθοφόροις
557 969 691 1060 ἀνδράσι
703 997 737 1038 τε
750 971 806 1039 καί
822 975 1005 1058 ύποζυγιόις
1019 975 1231 1059 χαλεπώτατα·

144 1080 286 1143 στέλλειν
306 1068 570 1159 ἀναγκαζομένων·
589 1074 692 1138 ταῦτα
706 1075 746 1157 δὴ
765 1063 822 1142 οὖν
844 1075 1019 1142 έπισκσπιόν
1029 1127 1039 1157 ,
1072 1071 1151 1164 έμνιο
1173 1075 1232 1142 τόν

144 1170 218 1239 όλον
242 1171 376 1255 πόλεμον
395 1173 606 1257 καταθέσθαι,
640 1169 686 1245 ὥς
709 1166 750 1234 ἀν
775 1169 822 1255 μη
852 1169 1047 1238 ε’πιπλεῖστον
1073 1169 1183 1250 αὐτοῖς
1207 1175 1227 1260 ἦ

144 1271 252 1361 εἰρήνη
273 1274 402 1359 χωρίοις
416 1269 742 1355 τισὶπεριοριζαμένη,
771 1265 884 1355 ἀτελὴς
899 1271 955 1336 καί
980 1265 1045 1338 οἷον
1066 1272 1226 1352 σκάζουσιι

105 1374 307 1453 ισάιαμένοι,
335 1370 405 1433 ἀλλ’
422 1365 538 1451 όμοίιος
560 1367 743 1450 ἁπανταχοῦ
775 1363 1009 1456 έπιββωσθείη.
1039 1375 1093 1436 καί
1118 1376 1227 1438 τοίνυν

142 1474 293 1551 ἐκπέμπει
306 1468 360 1533 tut
374 1471 413 1554 τῇ
430 1469 580 1554 πρεσβείᾳ
602 1468 635 1542 ές
651 1464 687 1531 τό
702 1464 879 1546 Βυζάντιον
899 1459 1001 1554 ἄνδρα
1023 1473 1154 1558 Πέρσην
1162 1475 1225 1536 τῶν

141 1567 272 1655 σφόδρα
295 1572 370 1653 παρ’
403 1566 512 1642 adroic
534 1562 771 1648 λαγιμοντάτισν,
805 1557 902 1647 όνομα
930 1569 966 1632 δὲ
987 1561 1027 1652 ἦν
1045 1570 1130 1656 αύτῷ
1149 1569 1225 1652 Ζίχ.
1236 1580 1261 1634 Ρ.
1272 1569 1322 1640 llll

141 1659 328 1744 cirogrilli
355 1664 420 1748 Ζίχ
446 1662 638 1752 ἀφικόμενος
661 1663 717 1728 καί
736 1663 905 1752 παρελθών
936 1662 979 1742 ἀς
1003 1666 1224 1733 Ἰουστινιανὸν

139 1769 282 1848 βασιλέα,
299 1762 399 1830 πολλά
417 1766 477 1845 μὲν
492 1761 554 1849 ἔφη
573 1764 637 1828 τῶν
653 1760 817 1847 παρόντων
831 1767 914 1851 πέρι,
936 1763 1035 1830 πολλά
1055 1767 1090 1830 δὲ
1103 1755 1226 1851 οἷκηίιοε·Ι

42 1947 46 1951 ,
101 1862 195 1932 ιὸκαί
216 1867 313 1949 πέρας
335 1864 367 1938 ἐς
383 1859 455 1926 τάδε
474 1862 679 1946 ξυνηλθέτην,
699 1864 750 1947 ἐφ’
774 1853 802 1950 ᾧ
815 1863 992 1944 ‘Purpureae
1009 1887 1044 1927 τε
1063 1867 1119 1929 καί
1135 1869 1225 1952 Πέρ-Ἰ

139 1986 199 2037 σας
217 1963 361 2053 κατέχειν
376 1961 436 2041 μὲν
454 1955 589 2041 ἅπαντα,
606 1951 652 2023 οἷν
669 1951 730 2044 ἤδη
747 1956 915 2044 ἐτύγχανον
929 1958 1009 2026 κατά
1027 1958 1224 2046 miv-Auladis·

138 2058 251 2145 χώραν
285 2063 421 2141 πολέμου
460 2060 571 2146 θεσμῷ
606 2060 845 2142 ἐπειλημμένοι,
881 2057 943 2124 εἴτε
974 2060 1152 2143 πολίσματά
1191 2076 1227 2148 με

139 2157 202 2223 εἴτε
224 2156 363 2244 φρούρια
388 2152 467 2238 εἶεν,
487 2156 627 2242 ἡσυχίαν
644 2160 680 2222 ἀὲ
702 2151 788 2240 ἀγειν
805 2159 858 2244 ἐφ’
874 2153 1013 2239 ἑαυτῶν,
1041 2158 1095 2222 καί
1112 2153 1226 2242 ἥκιστα

138 2258 208 2321 κατ’
248 2253 388 2342 ἀλλήλοιν
428 2255 703 2342 παρατάττεσθαι,
745 2258 805 2333 ἕως
837 2259 870 2333 ές·
901 2255 1007 2342 ’έτερόν
1041 2280 1075 2321 τι
1112 2259 1250 2338 μείζονα
1340 2249 1347 2268 “

95 2353 194 2421 sonat
224 2354 407 2440 τελεώτερον
438 2351 472 2420 τό
491 2349 685 2440 ἑκατέρωθεν
710 2347 811 2441 ἀρχον
836 2353 994 2438 συμβαίη.
1026 2353 1043 2416 ὃ
1080 2357 1139 2436 μὲν
1171 2347 1227 2420 σύν

139 2453 201 2539 Ζίχ
214 2450 295 2521 οὕτω
310 2453 349 2521 τά
364 2457 421 2539 τῆς
437 2456 605 2540 πρεσβείας
620 2450 880 2541 διαπραξάμενος,
902 2448 1109 2538 ἀπενόστησεν
1134 2455 1166 2530 ές
1184 2438 1224 2519 τά

209 2612 230 2644 ι.
243 2591 337 2660 -Quae
365 2598 526 2663 sequuntur,
552 2592 612 2643 sine
639 2590 697 2642 ulla
718 2592 848 2645 varietate
865 2592 992 2661 leguntur
1031 2591 1061 2643 in
1090 2586 1155 2643 Cod.
1173 2592 1224 2643 Bu-

208 2679 264 2713 rac,
288 2664 483 2732 Excerptorum
505 2660 539 2711 de
563 2661 753 2731 legationibus.
852 2664 876 2714 3.
902 2662 1048 2723 θαλάσσης
1074 2662 1103 2711 R.
1193 2679 1218 2729 gt

207 2731 385 2791 σκάζουοθαι
410 2728 439 2783 ll.
533 2749 570 2784 ιο.
585 2736 760 2803 επιρωσθείη
779 2735 811 2786 R.
898 2750 936 2787 ra.
952 2730 1175 2801 λογιομωτάτωκ
1194 2734 1224 2781 lt.

214 2814 252 2868 ¹7·
273 2802 371 2923 l{gripor
398 2801 461 2857 add.
489 2820 523 2854 ex
544 2804 573 2851 R.
605 2810 633 2853 et
657 2801 756 2873 Intpn,
775 2802 854 2856 abest
867 2804 937 2873 vulg.
953 2806 981 2855 et
999 2803 1062 2855 Ext.
1137 2817 1175 2871 19·
1195 2800 1225 2857 ἐν

209 2888 263 2930 σαι,

139 3030 249 3078 affectus
278 3023 344 3089 suit,
364 3026 591 3097 quemadmodum
614 3044 693 3096 supra
713 3044 729 3076 a
742 3042 785 3077 me
801 3034 842 3077 est
863 3024 973 3077 dictum.
1011 3020 1144 3077 Chosrobs
1159 3029 1224 3077 'vero

139 3096 323 3159 considerans,
350 3114 379 3147 se
403 3115 459 3148 non
478 3114 557 3166 posse
579 3099 610 3148 in
636 3095 764 3148 Colchica
797 3096 907 3165 regione
938 3096 1064 3153 adversus
1091 3096 1224 3145 Romanos¹

139 3169 288 3218 exercitum
315 3167 432 3229 ducere,
458 3167 532 3235 quod
554 3168 597 3218 illi
615 3166 727 3236 quidem
745 3168 814 3217 mari
831 3168 999 3234 potirentur,
1020 3180 1115 3231 seper
1134 3164 1162 3214 id
1181 3164 1222 3215 fa-‘

139 3238 191 3289 cile
206 3239 471 3289 necessariaomnia
497 3238 536 3288 eis
553 3236 786 3299 subveherentur,
810 3237 869 3304 ipse
886 3250 949 3284 vero
976 3236 1063 3303 longis
1090 3233 1220 3285 desertis-

92 3367 96 3376 ι
139 3325 192 3376 que
217 3307 364 3359 itineribus
386 3308 416 3357 in
435 3314 521 3357 castra
540 3324 587 3357 sua
609 3307 692 3357 etiam
715 3307 842 3375 exiguum
872 3314 1050 3375 commeatum
1079 3320 1133 3353 non
1165 3304 1220 3354 uisi

137 3394 187 3445 per
196 3377 304 3429 baiulus
317 3385 345 3429 et
357 3382 477 3431 iumenta
487 3380 615 3429 oneraris
626 3375 782 3427 difficillime
789 3377 898 3428 mittere
907 3383 1054 3443 cogeretur,
1065 3381 1153 3425 totum
1161 3371 1222 3423 bel-¹

136 3446 194 3496 lum
205 3446 398 3514 deponendum
412 3449 528 3509 censuit,
538 3464 572 3499 ne
589 3448 655 3516 ipsis
664 3459 730 3514 pax,
749 3447 829 3498 certis
843 3444 1006 3516 quibusdam
1025 3452 1056 3495 ut
1072 3443 1220 3511 plurimum

137 3516 208 3565 locis
236 3518 451 3587 circumscripta,
473 3519 571 3568 mutila
601 3516 816 3587 imperfecteque
839 3524 867 3567 et
887 3513 1088 3586 quodammodo
1116 3511 1220 3563 claudi-

141 3602 205 3636 cans
225 3596 414 3651 permaneret,
433 3586 481 3640 sed
504 3606 538 3639 ex
553 3604 641 3658 aequo
659 3586 763 3657 ubique
783 3586 887 3638 valeret
905 3593 989 3656 atque
1000 3585 1220 3639 eonfirmaretur,

137 3655 298 3721 Byzantium
319 3671 381 3725 ergo
402 3674 462 3709 cum
484 3658 622 3727 legatione
638 3658 726 3709 mittit
744 3658 832 3711 virum
853 3654 988 3727 quendam
1005 3654 1111 3710 Persam
1129 3654 1219 3703 maxi-

138 3740 198 3775 mae
216 3724 391 3788 auctoritatis,
409 3732 453 3780 cui
468 3742 568 3780 nomen
587 3735 645 3779 erat
661 3726 731 3779 Zicb.
750 3729 775 3779 Is
802 3744 863 3781 cum
879 3726 913 3778 ad
930 3726 1110 3777 Iustinianum
1128 3722 1202 3790 Impe

137 3800 292 3863 peratorem
308 3796 445 3861 venisset,
470 3800 606 3868 multique
627 3800 699 3851 ultro
724 3800 848 3868 citroque
870 3806 1007 3848 sermones
1030 3793 1064 3844 de
1081 3792 1218 3861 praesenti

139 3882 229 3917 rerum
249 3870 321 3915 statu
341 3875 432 3917 essent
453 3868 560 3931 babiti,
586 3868 697 3921 tandem
714 3870 849 3919 ita'inter
874 3881 920 3919 eos
945 3864 1089 3925 convenit,
1114 3870 1144 3913 ut
1162 3864 1213 3914 Ro·

53 3952 67 3965 ·
137 3937 213 3986 mani
248 3942 276 3986 et
305 3935 398 3985 Persae
426 3937 455 3987 in
483 3938 577 3990 Lazica
604 3940 715 4007 regione
738 3940 831 3988 omnia
858 3938 1016 3995 retinerent,
1039 3939 1218 4003 quaecunque

139 4004 207 4057 belli
228 4006 288 4055 iure
307 4004 510 4067 obtinuissent,
534 4009 590 4059 sive
617 4006 725 4059 castella
747 4009 802 4059 sive
832 4006 1032 4075 propugnacula
1057 4020 1088 4055 ea
1110 4010 1215 4067 essent,

137 4076 192 4141 ipsi
209 4091 272 4127 vero
291 4076 363 4126 inter
383 4092 411 4127 se
434 4076 554 4146 quietem
570 4084 696 4145 agerent,
718 4074 848 4145 belloque
867 4076 1052 4137 abstinerent,
1070 4072 1157 4125 donec
1173 4085 1218 4121 ar··

139 4144 209 4195 etius
219 4145 329 4215 aliquod
341 4146 543 4215 perfectiusque
554 4145 648 4195 foedus
657 4146 793 4222 principes
809 4146 891 4195 utrim
913 4161 947 4196 ue
961 4146 1069 4197 inirent.
1088 4140 1150 4193 Zich
1162 4141 1216 4189 ita*

139 4230 193 4282 que
209 4214 346 4284 legatione
361 4233 409 4267 sua
419 4218 458 4268 ita
475 4214 644 4285 perfunctus,
654 4214 689 4267 ad
704 4230 766 4267 suos
782 4212 871 4267 rediit.
894 4164 983 4285 ᾳΩααε
1001 4214 1050 4266 ubi
1071 4209 1217 4283 praesectis
1274 4276 1278 4285 ἱ
