3109 4950
467 320 750 387 HISTORIARUM
777 316 832 383 iit.
855 326 908 388 tt.
1175 320 1247 403 ¹7¹

173 478 207 552 ἔς
232 472 276 541 τό
290 466 433 560 άκριβὲς,
462 476 518 539 καί
539 470 619 538 κατά
644 471 718 548 τούς
742 468 914 554 Ῥωμαίων
939 467 1056 552 νόμους
1075 472 1253 555 κρινοῦντα.
1264 476 1394 548 hetti

172 579 229 638 καί
242 572 287 657 ’δὴ
309 571 575 661 παραγενόμενος,
600 572 784 637 Ῥούστικον
798 574 859 652 μὲν
873 565 973 645 εάθύς
992 572 1026 645 ἐς
1050 549 1290 656 'AtpotpoirrtoL
1301 548 1361 605 ω

172 670 291 737 ἔστειλε
316 670 374 757 τήν
396 668 510 752 πόλιν,
545 670 602 736 καί
623 672 666 758 τῷ
690 670 793 759 ἐκείνη
818 669 1021 759 όεσμωτηράρ
1040 671 1254 760 ·ε’γκαθείρξας

174 769 341 857 ἐφρούρεον
363 769 488 857 Ἰωάννη
506 774 542 835 δὲ
570 770 614 859 τῷ
626 772 760 852 βασιλέα
775 770 837 851 μὲν
855 766 1069 854 φενακίσαντι,
1089 762 1254 853 αὐτουργῷ

152 871 210 941 ὅδὲ
228 872 286 935 τοῦ
304 868 482 951 μιάσματος
502 870 708 955 γεγενημένῳ,
743 863 962 953 άποόράσαντί
974 890 1044 943 πως
1058 870 1094 931 ἐν
1111 870 1156 954 τῷ
1180 863 1253 930 τότε

173 967 407 1057 λαθραιότατα,
441 969 497 1032 καί
520 970 604 1054 φυγῇ
622 967 680 1050 τὴν
706 965 865 1052 σωτηρίαν
890 970 1118 1053 καρπώσασθαι
1138 988 1254 1051 πειρω-

173 1072 275 1157 μένην,
296 1069 366 1133 ἄλλ’
385 1069 491 1155 ἐκείνην
502 1090 537 1149 ys
553 1068 596 1155 τῷ
616 1066 743 1154 Ἰωάννη
755 1064 812 1131 ε’πί
819 1068 923 1132 τοῖσδε
934 1066 1134 1151 πορευομένῳ
1154 1060 1257 1128 άπαν-

173 1168 285 1249 τιάζει,
310 1164 392 1232 οὕτω
411 1163 586 1253 παρασχόν,
603 1164 620 1229 ὅ
639 1162 832 1252 Μετριανός,
855 1160 915 1251 (εἷς
929 1167 965 1229 δέ
979 1190 1016 1248 γε
1028 1155 1068 1249 ἦν
1084 1155 1177 1239 οὗτος
1194 1166 1256 1228 τῶν

174 1260 263 1353 οἷμφί
283 1264 321 1332 τά
337 1264 482 1348 βασιλεια
505 1263 693 1353 δορυφόρων
702 1314 713 1346 ,
745 1260 802 1340 orig
825 1262 865 1349 dr}
880 1263 1060 1350 Σιριβοονας
1078 1261 1333 1345 ὀνομάζον-Ῥω

133 1386 236 1433 ιοσιν·
257 1366 387 1431 ἔσταλτο
410 1367 445 1429 δὲ
464 1364 579 1430 αότόσε
594 1363 708 1429 τούτου
727 1363 765 1449 δὴ
784 1367 890 1445 ἕνεκα,
912 1366 965 1451 ἐφ’
985 1356 1010 1454 ᾧ
1027 1362 1259 1450 ἔξοπηρετήσα-

174 1465 305 1531 σθαίτε
322 1468 367 1555 τῷ
388 1460 581 1554 Ἀθανασίηο,
601 1463 657 1530 καὶ
669 1460 748 1530 άττα
763 1457 803 1528 dv
814 1463 869 1528 ὑπ’
877 1466 995 1529 ἐκεινου
1023 1463 1146 1550 κριθείη
1165 1462 1257 1529 τόνδε

173 1566 276 1628 ταῦτα
289 1566 488 1650 ἐπιτελέσαι)
504 1561 669 1647 ξυλλαβών
680 1560 721 1648 Ὶδὴ
736 1554 793 1627 σάν
807 1558 1019 1648 όΜετριανός
1034 1559 1090 1627 τόν
1100 1562 1257 1647 Ἰωάννην,

173 1661 261 1748 παρά
283 1659 336 1727 τόν
363 1658 528 1748 διαιτητήν
549 1661 748 1745 άπεκόμισεν.
789 1656 862 1727 ddi
886 1659 942 1726 καί
963 1663 1130 1737 τοῦτον-ἐς
1150 1657 1257 1742 Ἀψα-

172 1764 290 1845 ροῦντα
306 1763 495 1845 ἔξέπεμιμεν,
517 1762 551 1827 ἐν
571 1759 677 1851 εἱρκτῇ
694 1784 727 1827 τε
750 1764 807 1827 καί
820 1761 975 1850 ποόοκάκη
993 1762 1170 1844 μενοῦντα,
1196 1764 1256 1834 ἕως

134 1856 195 1927 ι5ό
214 1860 248 1923 ἐν
265 1860 358 1925 ποσίν
376 1860 462 1943 dysis
477 1860 676 1947 όιανοσθείη.

255 1956 300 2025 ιε’.
331 1954 420 2041 Ἅμα
440 1957 559 2048 γάρτῷ
578 1954 633 2047 η’ρι
657 1960 823 2051 άρξαμένιρ
839 1962 945 2046 παρῆν
963 1956 983 2024 ά
1003 1957 1200 2047 Ναχοραγάν
1220 1962 1393 2037 deictis»

168 2058 407 2145 Μοοχείρισιν,
435 2058 491 2124 καὶ
513 2059 625 2125 αὐτίκα
648 2061 690 2125 τά
711 2085 746 2125 τε
766 2058 993 2147 στρατεύματα
1015 2052 1167 2147 ἤθροιζε,
1201 2064 1257 2127 καί
1263 2048 1284 2103 Ῑ·
1293 2050 1314 2103 ¹·
1324 2068 1361 2122 ²9

169 2161 301 2246 πλείστῃ
321 2152 378 2246 όση
394 2155 556 2242 χρώμενος
573 2158 739 2248 προθυμία
757 2156 797 2223 τά
818 2160 852 2234 ἐς
863 2156 916 2223 τὸν
932 2159 1069 2240 πόλεμον
1079 2157 1257 2245 ἐξηρτύετο.

170 2257 332 2343 τοιγάρτοι
353 2256 410 2321 καί·
424 2254 455 2322 οἱ
479 2254 640 2339 Ῥωμαῖοι
655 2256 742 2345 οἷμφὶ
756 2256 814 2342 την
832 2260 958 2342 Νῆσον·
973 2254 1169 2343 ἀγειρόμενοι
1193 2282 1257 2322 πα-
1275 2275 1281 2285 ’
1306 2274 1312 2282 ·

127 2353 403 2440 παρεσκευάζοντο,
425 2359 480 2421 καί
492 2352 531 2421 τά
552 2359 608 2440 τῆς
630 2355 761 2439 κρίσεως
782 2351 1121 2431 εἶκόταςάνεκόπτετο.
1141 2362 1179 2421 τί
1189 2352 1250 2442 γάρ

166 2445 208 2518 άν
227 2448 337 2530 αότοῖς
352 2456 387 2520 ἐν
409 2457 455 2542 τῷ
487 2454 557 2520 τότε
574 2454 832 2543 προύργιαίτερον
847 2454 1010 2544 κατεφάνη
1025 2459 1083 2542 τῆς
1104 2458 1181 2544 περὶ
1200 2453 1257 2521 τόν

167 2553 303 2635 πόλεμον
316 2555 503 2636 εὐκοσμίας,
523 2548 585 2640 ἤδη
609 2556 717 2622 δὲκαὶ
736 2553 753 2621 ὅ
784 2556 912 2641 Γζάθης
926 2551 996 2638 άμα
1013 2556 1183 2646 Σωτηρίχῳ
1201 2561 1271 2647 opit

167 2656 331 2743 στρατηγῷ
352 2655 386 2719 ἕκ
409 2653 591 2734 Βυζαντίον
608 2657 739 2743 άφῖκτο,
766 2655 826 2742 τήν
844 2681 880 2720 τε
901 2658 1050 2745 πατρῴαν
1067 2653 1172 2743 άρχὴν
1196 2658 1253 2724 καί

238 2775 263 2810 a.
281 2756 310 2813 ἐς
327 2774 376 2809 om.
396 2757 425 2808 R.
522 2763 546 2816 8.
565 2755 728 2830 Μετριανὸς
752 2761 781 2811 ll.
802 2767 831 2812 et
855 2760 956 2830 Intpr.,
978 2757 1165 2830 Μαστριανάς
1181 2762 1253 2830 vulg.

238 2845 263 2896 9
282 2827 539 2898 Expiporuchugd.
585 2848 622 2882 ιο.
641 2832 694 2882 τοῦ
712 2826 745 2894 dp*
765 2833 795 2882 li.
835 2847 874 2883 ιε.
893 2822 1168 2902 Μαστριανόςκολη.
1215 2835 1253 2899 14.

235 2901 393 2968 μενοῦντας
409 2898 439 2953 ll.
478 2917 518 2968 ¹7·
536 2897 681 2972 η’θροίζετο
700 2903 728 2952 ll.
771 2919 814 2954 aa.
829 2901 944 2952 Sotirem
959 2901 1062 2971 ubique
1077 2911 1157 2955 vocat
1168 2903 1253 2972 lntpr.

205 2993 208 3007 .
235 2969 276 3036 spi
294 2985 348 3022 om.
365 2971 396 3027 ll.
482 2972 523 3022 ai.
544 2969 679 3044 πατριάοο
699 2973 729 3024 R.
748 2979 776 3022 et
797 2972 893 3042 inmg.
914 2970 1054 3042 ἀδελφοῦ.

107 3077 110 3084 “
161 3073 330 3143 praescripto
360 3073 539 3126 Romanarum
565 3076 655 3145 legum
681 3078 847 3128 senteutiam
877 3076 968 3128 ferret.
1022 3073 1079 3142 Qui
1110 3091 1172 3126 eum
1200 3073 1252 3125 ad-

161 3145 300 3206 venisset,
325 3144 464 3195 Rusticum
488 3145 600 3214 quidem
618 3149 711 3198 susim
724 3145 897 3215 Apsaruuten
914 3146 1002 3204 misit,
1021 3153 1103 3213 atque
1122 3145 1152 3194 in
1174 3143 1250 3198 illius

162 3213 239 3264 urbis
257 3230 363 3266 carcere
381 3215 513 3266 custodiri
531 3216 617 3268 iussit.
655 3217 752 3268 Ioanni
770 3233 844 3279 vero,
862 3217 912 3285 qui
932 3231 1024 3283 regem
1042 3213 1194 3275 fefellerat,
1220 3222 1250 3266 et

161 3290 222 3333 tum
240 3286 371 3352 temporis
388 3284 534 3337 admodum
552 3286 622 3338 elam
633 3303 668 3338 ,se
686 3285 753 3338 inde
773 3288 959 3352 surripuerat,
987 3291 1015 3336 et
1040 3284 1103 3352 fuga
1132 3285 1248 3341 salutem

162 3369 257 3420 parere
269 3355 420 3420 nitebatur3
437 3355 512 3419 huie,
526 3357 646 3428 iuquam,
657 3357 764 3419 loanni,
812 3356 885 3408 ihac
898 3354 932 3408 de
946 3371 1026 3405 causa
1043 3371 1072 3406 se
1090 3355 1121 3406 iu
1132 3354 1185 3406 iter
1197 3353 1248 3405 de-

163 3421 258 3486 derat,
276 3423 344 3476 iorte
363 3424 474 3476 fortuna
497 3425 593 3478 obvius
613 3436 654 3480 est
669 3426 755 3478 factus
795 3429 924 3486 etrianus,
943 3442 1013 3476 unus
1033 3442 1048 3476 e
1066 3425 1147 3495 regiis
1166 3425 1249 3476 satel-

162 3492 280 3555 litibus,
298 3512 365 3564 quos
384 3494 529 3549 Scribonas
552 3507 658 3560 vocant,
676 3498 774 3548 missus
793 3505 882 3550 autem
903 3504 961 3548 erat
977 3496 1053 3559 illuc,
1073 3504 1106 3546 ut
1122 3494 1261 3559 ithuna-¹

159 3563 233 3614 sium
260 3565 437 3627 ministraret,
463 3572 490 3618 et
515 3585 586 3638 quae
611 3568 658 3619 ille
687 3566 836 3620 iudicasset
854 3574 1056 3638 exsequeretur.
1093 3565 1245 3616 Metrianus

159 3634 257 3703 itaque
276 3649 337 3685 etim
356 3634 553 3702 apprehensum
572 3636 607 3689 ad
624 3637 744 3690 iudicem
766 3637 946 3692 Athanasium
969 3636 1064 3699 duxit,
1091 3635 1140 3704 qui
1160 3635 1245 3692 etiarn

157 3701 234 3754 hune
252 3701 424 3772 Apsaruuten
449 3708 541 3771 misit,
567 3716 599 3760 ut
622 3707 664 3760 ibi
683 3710 714 3761 in
735 3726 841 3761 carcere
868 3717 897 3762 et
923 3709 1004 3776 cippo
1028 3706 1155 3756 haereret
1180 3713 1244 3756 tan-

156 3775 246 3844 tisper
257 3774 322 3826 dum
341 3774 502 3844 disceptatio
511 3779 659 3842 iudicialis,
672 3797 742 3849 quae
758 3782 815 3832 iam
828 3778 1019 3848 apparabatur,
1030 3784 1101 3827 esset
1111 3774 1244 3829 absoluta.

232 3845 271 3896 τά.
307 3843 407 3896 Statim
432 3849 505 3899 euim
523 3850 638 3901 ineunte
661 3849 927 3918 vereNaehoragau
953 3845 1126 3898 Muchirisim
1150 3847 1243 3910 venit,

156 3920 188 3964 et
204 3914 348 3967 eousestim
364 3917 456 3985 copias
476 3921 580 3988 coegit,
601 3929 759 4002 quantaque
775 3929 887 3988 poterat
910 3917 1055 3986 diligentia
1073 3933 1101 3967 se
1120 3915 1154 3967 ad
1182 3916 1244 3968 hel·
1316 3931 1320 3940 ·

155 3983 215 4034 lum
233 3986 415 4054 comparabat.
451 3986 546 4040 Nihilo
563 4005 650 4041 seems
668 4005 730 4042 vero
755 3990 837 4040 etiam
861 3989 976 4040 Romani
1003 3987 1103 4039 circum
1123 3987 1242 4039 Insulam

156 4058 325 4124 congregati,
344 4073 403 4109 sese
427 4074 531 4108 summa
549 4060 577 4109 vi
596 4058 784 4128 apparabant3
811 4068 840 4109 et
857 4057 992 4109 iudicium
1009 4058 1109 4109 merito
1134 4066 1243 4126 protra-

154 4122 280 4182 hebatur.
318 4125 396 4196 Quid
415 4129 489 4182 euim
507 4128 573 4196 ipsis
592 4146 624 4181 eo
642 4145 732 4180 rerum
752 4136 825 4180 statu
844 4128 942 4180 maiori
962 4145 1041 4178 curae
1067 4144 1125 4179 esse
1153 4126 1240 4179 debe-

153 4195 220 4260 hat,
257 4213 338 4276 quain
363 4214 405 4260 res
432 4197 468 4263 ad
495 4197 599 4262 bellum
623 4200 788 4257 necessarias
813 4214 895 4269 qnam
923 4199 1026 4270 optime
1052 4191 1240 4253 constitueret
