3109 4950
329 326 411 426 aad
495 404 500 414 ,
761 346 971 415 sosimas:

197 508 447 592 letttriaasc,
482 510 515 583 ἐς
536 499 611 589 άπερ
636 498 677 570 ds
700 501 756 567 aas*
769 502 961 589 χωρήσαιεν.
987 502 1019 568 ελ
1040 506 1101 584 μὲν
1125 494 1183 567 οάν
1203 504 1351 585 μέγιστόν
1371 527 1406 566 τι

230 598 250 648 ¹·
258 597 277 647 ¹·
289 604 411 670 maort
430 605 503 680 τούς
517 608 670 684 πολέμους
692 611 759 678 τοῖς
785 599 959 683 Ῥωμαίοις
980 602 1148 686 διήνυστο,
1173 601 1231 665 καί
1246 603 1305 665 τού
1317 605 1408 689 ναιᾷν

209 702 216 713 ’
295 701 457 790 ¹De'aapyds
472 727 508 767 τε
526 701 582 767 καί
597 701 811 785 ἀληθεστάτην
828 694 945 787 ἤραντο
963 698 1077 781 δόξαν,
1105 698 1177 765 o‘dl
1195 698 1233 763 τό
1255 703 1410 782 δυσμενὲς

328 806 385 887 τῆς
408 803 517 885 ψυχῆς
543 801 599 863 καί
623 805 792 883 βασκαῖνσν
823 797 1022 880 ἐπιδεικνύς,
1058 802 1275 887 διακωμφδεῖν
1308 794 1409 874 εύθύς

330 901 498 985 ἐπειρᾶτο,
517 898 573 964 ναί
585 896 726 963 διαλύειν
744 896 803 979 τήν
819 901 855 961 ἐκ
868 902 932 963 τάν
947 896 1048 984 ἔργων
1067 896 1261 982 σεμνότητα,
1281 896 1431 983 φαύληνό

330 1004 390 1083 μὲν
412 997 468 1082 τὴν
485 1002 680 1085 ἐγχειρησιν,
709 995 904 1085 φαυλότατον
921 1000 957 1061 δὲ
976 995 1014 1062 τά
1038 997 1137 1083 πέρας
1152 992 1334 1080 ἀποκαλῶν,
1355 996 1412 1061 καὶ

332 1093 515 1165 οὐδὲτοῦτο
535 1098 704 1183 ἡμέτερον,
734 1090 815 1161 ἀλλά
835 1100 892 1160 τοῦ
912 1090 1077 1179 ἀλόγιστον
1101 1100 1158 1180 τῆς
1181 1098 1288 1181 τύχης.
1326 1099 1411 1161 εἶδέ

333 1220 395 1263 που
413 1194 509 1280 τυχὸν
520 1197 576 1261 καί
590 1194 794 1283 σφαλείημεν,
812 1196 892 1281 (πῶς
906 1197 943 1260 δὲ
963 1190 1078 1261 οἷόντε
1092 1194 1129 1257 τύ
1149 1189 1346 1280 ἀνθρώπειον
1362 1193 1408 1278 μὴ

335 1292 412 1380 σύχί
437 1294 492 1361 καί
513 1292 594 1382 πρός
617 1289 764 1361 τάναντία
791 1297 1015 1378 μεταβάλλειν,
1047 1288 1116 1357 ἀλλ’
1141 1293 1196 1357 ἐπὶ
1218 1298 1283 1357 τῶν
1306 1289 1411 1357 airas

332 1391 386 1458 ἀεί
396 1396 593 1479 βεβηκέναις)
623 1392 639 1457 ό
661 1396 697 1459 δὲ
717 1392 858 1478 scabres
881 1418 930 1469 τις
947 1392 1124 1474 αύτόματος
1137 1393 1201 1456 τῶν
1220 1394 1449 1475 γιγνομένωνισ

333 1492 459 1581 κριτὴς,
478 1492 538 1577 τὴν
556 1495 615 1575 μὲν
630 1489 731 1576 τύχην
752 1488 854 1570 adside
868 1486 960 1579 ἀφίει
974 1492 1038 1555 τῶν
1055 1489 1256 1574 ἐγκλημάτων
1272 1488 1411 1553 ἀνεύθυ-

248 1616 409 1678 Μηνον,
436 1586 537 1669 sicud
557 1588 651 1673 μετὸν
672 1617 713 1655 αν

334 1691 585 1779 προεσκεμμίνον
602 1687 657 1753 καί
673 1693 835 1777 εἶγκριθὲν,
863 1692 964 1775 μηδὲν
987 1682 1063 1755 ἀλλο
1084 1692 1188 1753 δοκεῖν
1208 1686 1309 1752 αἴτιον
1330 1682 1412 1752 εἶναι

315 1793 393 1856 -τού
413 1790 526 1865 ἐνδεῶς
555 1788 632 1871 ἡμῖν
653 1812 685 1853 τι
710 1791 913 1876 πεπρᾶχθαι,
939 1784 1071 1874 ἢμόνον
1092 1784 1263 1873 ἀνανδρίαν
1288 1786 1411 1869 γνώμης

336 1888 391 1961 ναί
410 1890 529 1971 χειρῶν
551 1886 719 1952 domnam
745 1885 802 1951 καί
827 1886 1053 1969 βουλευμάτων
1081 1882 1279 1972 ἀβελτηρίαντ
1300 1882 1337 1949 τό
1350 1880 1451 1968 γάρτό

336 1984 530 2066 παλίμβολον
546 1986 603 2068 τῆς
618 1983 718 2070 τύχης
732 1988 788 2051 καί
802 1978 933 2052 ἀτακτον
947 1989 1003 2051 καί
1018 1981 1191 2069 ἀλόγιστον,
1209 1983 1266 2049 καί
1278 1976 1325 2060 οἷς
1341 1985 1414 2046 καθ’

336 2085 426 2170 ἡμῶν
447 2081 547 2168 αὐτὴν
565 2086 801 2170 διελοιδορεῖτο,
819 2080 967 2167 ούδαμάς
983 2088 1077 2169 ἐπῆγε
1094 2092 1161 2161 τοῖς
1176 2080 1352 2165 πολεμιοις,
1371 2077 1432 2157 ὦς’

338 2186 373 2249 ἐκ
389 2181 509 2248 τούτων
526 2185 628 2268 ἡμᾶς,
650 2181 733 2249 odam
760 2184 941 2270 παρασχόν,
960 2182 1251 2272 ύπερβαλλομίνοις.

419 2279 462 2345 θ’·
502 2282 597 2365 ,,Καί
621 2282 726 2349 τοίνυν
742 2281 859 2371 ἀνεβόα
879 2286 982 2349 τούτο
997 2286 1194 2370 περιφανῶς,
1225 2287 1281 2347 καί
1296 2285 1415 2365 γνῶναι

339 2389 488 2468 παρεῖχεν
501 2376 540 2445 ού
562 2380 659 2464 μόνον
673 2391 740 2458 τοῖς
760 2382 971 2468 στρατεύμασι
985 2386 1049 2447 τῶν
1069 2385 1224 2467 Περσῶν,
1245 2375 1293 2457 οἷς
1306 2381 1345 2467 δι’]
1360 2379 1453 2444 καίεο

339 2483 456 2562 ἕκαστα
491 2483 657 2548 διεπονεῖτο
686 2486 753 2570 καί.
769 2479 942 2567 ἔπρασσεν,
975 2476 1046 2546 ἀλλ’
1069 2476 1169 2558 esi-iric
1192 2477 1415 2567 ἀγγελιαφόροι

341 2581 504 2654 σταλέντες
536 2577 614 2666 πρὸς
646 2569 757 2645 attat
775 2578 972 2666 deterioratos
996 2581 1042 2656 εἷς
1067 2578 1224 2667 Ἰβηρίαν,
1252 2582 1298 2656 εἰς
1321 2580 1415 2644 ’Λλα-

344 2735 348 2742 ’
411 2717 437 2766 3.
453 2709 540 2780 ἤρατο
558 2713 587 2762 li.
668 2729 707 2766 ιο.
725 2711 873 2780 βεβηκόσιν
890 2717 919 2766 R.
992 2718 1031 2768 ri.
1049 2713 1282 2784 προεσκεμμένον
1300 2711 1342 2775 lt,
1358 2725 1414 2770 ursa

412 2783 606 2853 ρεσκεμμίνσν
622 2782 694 2852 vulg.
758 2802 796 2854 ιγ.
817 2782 909 2851 αὐτὴν
929 2787 973 2849 lt,
991 2786 1086 2840 αὐτῶν
1101 2785 1171 2854 vulg.

338 2909 421 2975 'sabat
438 2915 529 2961 tamen
547 2917 668 2962 accurate
685 2911 852 2979 proeliorum
868 2921 972 2977 motus,
989 2931 1043 2983 quo
1058 2913 1209 2966 tenderent
1232 2911 1262 2968 si
1279 2909 1348 2982 quid
1363 2911 1415 2978 igi-

344 2989 391 3032 tur
405 2981 543 3049 praeclare
568 2983 726 3033 aRomanis
749 2992 821 3035 esset
843 2993 961 3053 gestum,
990 2993 1019 3035 et
1041 2992 1176 3036 strenuam
1196 2984 1417 3050 verissimamque

343 3050 471 3102 victoriae
487 3049 595 3101 laudem
613 3059 809 3120 reportassent,
832 3054 891 3123 ipse
910 3053 1039 3106 hostilem
1060 3073 1138 3106 suum
1160 3054 1338 3123 luridumque
1356 3051 1416 3102 sni-

343 3136 416 3173 mum
428 3119 565 3172 declarans
579 3160 586 3185 ‚
604 3121 764 3174 mordaciter
778 3125 910 3176 comicum
922 3125 952 3176 in
965 3141 1067 3176 morem
1082 3123 1195 3176 irridere
1215 3135 1244 3177 et
1257 3139 1347 3176 rerum
1372 3137 1418 3190 ge·

344 3199 444 3242 starum
462 3191 632 3260 splendorem
650 3209 681 3244 ac
694 3192 853 3262 dignitatem
868 3199 998 3253 offuscare
1021 3195 1174 3257 nitebatur,
1195 3195 1305 3248 ridiculi
1329 3190 1420 3258 coepti

343 3261 491 3313 ridiculum
515 3268 640 3314 edentum
667 3263 824 3332 appellans,
853 3267 956 3335 quique
979 3283 1035 3317 non
1051 3267 1171 3334 ipsorum
1184 3260 1420 3325 fortitudini,sed

345 3331 472 3383 fortunae
490 3334 639 3384 temeritati
654 3333 807 3386 deberetur.
844 3336 938 3388 Sicubi
956 3353 1020 3388 vero
1041 3334 1162 3388 fortassis
1178 3337 1246 3406 lapsi
1267 3335 1420 3393 fuissemus,

347 3402 410 3471 (qui
430 3403 502 3452 enim
516 3401 574 3453 fieri
587 3405 682 3470 possit,
694 3413 725 3456 ut
737 3422 779 3456 res
797 3403 929 3458 humanae
939 3425 995 3458 non
1007 3407 1036 3456 in
1054 3407 1217 3461 contrarium
1231 3411 1352 3474 vergant,
1374 3399 1421 3452 ted

345 3479 479 3542 perpetuo
493 3471 521 3523 in
533 3487 587 3524 uno
598 3471 747 3544 eodemque
762 3482 832 3526 statu
847 3475 1062 3544 permaneanti)
1079 3484 1138 3528 tum
1152 3477 1205 3531 iste
1226 3483 1356 3544 tanquam
1377 3471 1420 3521 ul-

345 3549 457 3593 troneus
473 3542 583 3610 quidam
598 3550 743 3595 eventuum
768 3543 866 3608 iudex,
891 3547 1025 3599 fortunam
1039 3547 1157 3616 ,quidem
1173 3548 1283 3611 statim,
1306 3541 1422 3613 perinde

347 3629 380 3663 ac
396 3613 419 3662 si
432 3620 543 3663 eventus
558 3628 646 3663 rerum
663 3613 698 3664 ab
715 3631 746 3664 ea
764 3633 820 3666 non
834 3616 1003 3683 penderent,
1022 3618 1101 3687 culpa
1117 3620 1190 3668 omni
1204 3616 1353 3668 liberabatz
1371 3609 1424 3662 hoc

347 3697 411 3733 vero
429 3683 511 3734 linum
529 3683 555 3733 ei
574 3681 765 3754 decretumque
783 3686 925 3750 manebat,
954 3687 1056 3738 nullam
1073 3687 1154 3736 sliam
1171 3704 1229 3739 esse
1255 3701 1363 3738 causam
1383 3680 1425 3733 rei

247 3791 248 3798 ,
347 3767 442 3818 parum
461 3752 531 3805 bene
549 3770 563 3803 a
582 3751 662 3804 nobis
681 3763 785 3822 gestae,
802 3764 908 3825 praeter
925 3757 1010 3807 solam
1025 3755 1108 3808 animi
1119 3758 1279 3819 mollitiem,
1296 3767 1425 3806 manuum

351 3819 569 3874 imbecillitatem
592 3831 621 3874 et
647 3823 824 3876 consiliorum
841 3827 1025 3878 stoliditatem.
1062 3827 1199 3878 Fortunae
1216 3828 1292 3878 enim
1303 3821 1425 3876 mutabi-

349 3888 472 3954 litatem,
493 3889 702 3946 inconstantiam
727 3902 755 3946 et
774 3897 955 3948 temeritatem
973 3896 1083 3959 etalia,
1100 3913 1170 3965 quae
1186 3897 1268 3950 nobis
1287 3901 1426 3946 contume-

347 3957 417 4009 liose
435 3959 597 4027 obiiciehat,
615 3959 739 4014 hostibus
755 3982 925 4036 nequaquam
942 3964 1129 4030 adscribebat,
1152 3976 1281 4037 tanquam
1298 3964 1374 4018 hisce
1391 3961 1427 4013 ds

349 4029 449 4090 causis,
461 4033 605 4084 ‘occasione
620 4033 659 4084 ita
677 4032 784 4098 oblata,
814 4053 863 4087 nos
881 4044 1057 4105 superassent.
1198 4073 1202 4078 -

417 4116 441 4166 9.
478 4097 565 4158 „llaec
583 4105 674 4172 itaque
690 4103 738 4156 ille
753 4106 947 4172 proclamabat,
965 4116 994 4158 et
1009 4105 1247 4176 significabatnon
1262 4103 1350 4155 solum
1364 4103 1429 4156 Per·
1466 4113 1470 4120 ·
1529 4133 1531 4151 t

351 4183 438 4220 sarum
461 4171 643 4236 exercitibus,
665 4173 766 4243 'quihus
786 4176 896 4245 quidem
915 4178 962 4229 itte
986 4179 1067 4230 etiam
1086 4177 1191 4246 singula
1215 4183 1243 4227 et
1269 4171 1431 4225 elaborabat

351 4246 379 4289 et
403 4237 577 4310 perficiebat,
601 4242 648 4292 sed
675 4245 766 4308 nuntii
790 4248 883 4297 statim
901 4246 936 4298 ab
971 4249 1030 4317 ipso
1053 4249 1144 4300 emissi
1161 4247 1191 4298 id
1207 4244 1382 4314 perferebant
1399 4243 1430 4292 iu
