3109 4950
484 288 766 375 mstottttnuu
795 298 837 366 11.
863 296 916 367 tt.
1199 300 1255 385 97

175 442 267 537 αῦτρῦ
290 450 305 533 (
313 444 485 531 δτῦγχανον
503 442 565 533 γὰρ
598 440 697 513 αὐτοῦ
719 448 891 533 διατρίβειν
916 448 1061 527 παιδείας
1083 450 1172 515 ἕνεκα
1198 453 1328 535 ciete.
1342 462 1394 533 556

176 544 237 635 πρὸ
257 550 319 613 τοῖν
337 541 443 627 νόμων
452 548 477 631 ,)
496 546 633 610 δεδιέναι
652 542 793 633 προσῄει,
807 547 970 611 καὶταῦτα
988 547 1041 611 ἐπὶ
1055 547 1128 611 λίαν
1143 550 1260 636 σμικρρῖ
1278 534 1369 591 [Μὸ

175 648 213 733 τῇ
228 647 372 729 κινήσει,
397 644 596 732 λογιζομένῳ,
618 636 666 707 δτι
686 640 725 727 δὴ
743 641 893 720 attonat
908 642 1083 727 oixodopiaa
1099 645 1155 708 οὐκ
1173 646 1265 728 ἰσχυ-

177 746 240 829 ραί,
257 742 330 823 οῦδὲ
342 742 470 829 ἐὐρεῖαι
487 738 693 825 τυγχάνουσιν
711 732 822 822 οῦσαι,
842 736 917 807 οῦδὲ
932 736 996 813 οἶαι
1012 745 1067 807 καί
1083 740 1162 830 πρὸς
1178 750 1260 831 βρα-

158 839 220 925 ὅχῦ
240 841 440 923 ἀνασχέσθαι
455 839 653 921 δονοῦμεναι,
673 836 741 903 ἀλλ’
760 840 871 922 ι’σχναί
885 830 965 923 ῦγαν
973 844 1028 905 καί
1036 843 1177 918 ἀσθενεῖς
1192 843 1260 936 (ἐφ’

176 936 224 1003 ἑνί
237 937 297 1025 γιὲρ
319 938 505 1024 ῦφαίνοντσιι
521 936 628 1026 taliq).
650 934 730 1001 α’λλὰ
751 935 811 1025 γὰρ
831 940 887 1003 καί
906 933 934 1020 ὅ,
957 964 989 1004 τι
1012 940 1141 1023 λόγιμον
1163 944 1197 1006 ἒν
1218 938 1260 1029 τῇ

177 1034 273 1119 πόλει,
295 1037 472 1117 ἐδείμαινον
485 1038 540 1101 καί
551 1038 626 1117 οἵδε,
642 1026 682 1100 οῦ
692 1035 728 1101 τί
736 1060 808 1117 που,
825 1030 924 1118 οἶμαι,
939 1033 975 1101 τὸ
989 1030 1048 1122 ἤδη
1067 1037 1261 1127 παρῳχηκὸς,

177 1136 249 1199 ἀλλ’
272 1130 318 1199 ὅτι
333 1136 441 1210 αὐτοῖς
459 1133 515 1198 καί
530 1136 663 1210 ἐσαῦθις
678 1131 774 1199 ταῦτὰ
794 1138 890 1198 τοῦτο
902 1130 1117 1220 ξυμβήσεσθαι
1132 1129 1259 1201 οῦκῦπσ

176 1228 292 1319 τρόπον
309 1230 420 1307 ἐδόκει.
444 1230 475 1297 οἱ
488 1230 548 1319 γὰρ
566 1229 622 1317 την
636 1232 742 1297 αἰτίαιν
757 1234 850 1297 τοῦδε
864 1235 921 1298 τοῦ
938 1230 1061 1309 πάθους
1077 1235 1260 1317 ἀναθυμιά-

134 1338 244 1405 'nocete
270 1327 357 1405 τινοὶς
383 1326 464 1396 εἶναι
486 1332 623 1413 λέγοντες
647 1328 740 1415 ξηρός
770 1352 806 1393 τε
833 1328 1110 1414 καιζλιγνοώδεις,
1132 1330 1195 1396 ῦπό
1218 1332 1285 1398 uic

175 1423 327 1515 γλαφυραὶ
345 1430 399 1513 τῆς
413 1432 469 1513 γῆς
483 1429 682 1514 εἰργομὲνας,
710 1428 766 1491 καί
782 1430 827 1515 aqi
846 1423 891 1513 μη
919 1430 1120 1494 διαπνεῖσθαι
1145 1431 1264 1520 ῥηιδίως

175 1524 395 1611 σφοδρότερον
412 1525 500 1590 ἔνδον
521 1528 778 1613 περιδινουμένας
787 1576 798 1607 ,
819 1523 855 1588 sd
872 1526 1084 1612 ἐπιπροσθοῦν
1099 1524 1184 1593 ἅπαν
1198 1540 1337 1599 ‹ra-vae

177 1619 290 1705 λεῦειν,
305 1626 364 1699 ἕως
378 1626 415 1711 τῇ
428 1626 518 1714 βιαίρι
530 1627 613 1713 φορᾷ
629 1626 683 1709 τῆς
697 1623 894 1709 στεγνότητος
905 1623 1096 1709 ἐνδιδούσης,
1116 1630 1150 1702 ἐς
1164 1628 1261 1709 saep.

177 1725 275 1807 φανὲς
299 1716 486 1805 ιῖναγδιῖεν·
505 1722 533 1788 oi
563 1722 601 1807 δη
628 1716 686 1788 οῦν
711 1720 750 1788 τὰ
770 1724 902 1787 τοιαῦτα
922 1726 1179 1809 φυσιολογοῦντες
1201 1724 1261 1811 την

141 1818 354 1903 ιςΑἰγυπτιλιν
379 1818 463 1907 φασί
479 1818 589 1906 χώραν
604 1820 642 1885 ου’
662 1817 785 1885 ποῦπστε
802 1818 945 1885 σείεσθαι
962 1822 1144 1907 πεφυκέναι,
1166 1821 1209 1898 ὥς
1222 1815 1262 1909 δη

179 1915 347 2002 χθαμαλήν
364 1942 396 1983 τε
414 1916 553 2003 ἅτεχνιῦς
575 1923 630 1984 καί
645 1919 758 1985 ῦπτίαν
779 1918 835 1983 καί
853 1914 964 2005 ἥκιστα
984 1917 1185 2006 σηραγγώδη,
1213 1924 1265 1986 ε’ν-

179 2017 289 2079 acetis
309 2039 342 2079 τε
366 2017 421 2080 οῦκ
446 2019 704 2104 ἑμφσρουμὲνην·
723 2018 754 2083 εἰ
773 2020 810 2082 δέ
828 2041 863 2101 γε
894 2021 949 2083 κατ’
971 2016 1174 2098 ῦποδέξαιτο,
1195 2018 1263 2084 ἀλλ’

179 2111 365 2195 αῦτομοὶτισς
384 2112 444 2179 eni
463 2115 654 2201 χαυνότητος
674 2112 766 2197 dead
791 2117 1042 2201 ἐξατμιζομὲνην.
1093 2117 1162 2181 ἐπεί
1177 2118 1213 2180 δὲ
1228 2118 1264 2181 ἒν

177 2211 221 2298 τῷ
238 2208 309 2275 τότε
324 2209 380 2297 ἥδε
399 2212 419 2299 ἢ
439 2214 533 2296 δόξα,
555 2206 595 2279 ed
612 2217 758 2296 ποιοῦσα,
779 2212 964 2300 ἒπεφιῦρατό
981 2238 1016 2277 τε
1033 2212 1088 2278 καὶ
1097 2207 1265 2297 οἷπελῆλεγ·

137 2330 235 2374 οσκτο
251 2308 295 2396 μη
313 2310 439 2399 σφόδρα
455 2316 489 2378 ἐν
502 2310 621 2402 βεβαίῳ
637 2316 786 2398 κειμένη,
813 2309 941 2387 εἰκότως
963 2303 1028 2399 ῦρα
1049 2313 1209 2377 ἐδεδίεσαν
1235 2310 1266 2377 οἳ

177 2420 320 2493 γενναῖοι,
341 2407 403 2496 εἴγε
423 2408 503 2498 πρὸς
526 2410 704 2479 τούναντίον
730 2413 839 2488 αὐτοῖς
861 2399 1003 2497 χωρήσει
1022 2410 1295 2496 τοῦπιγραμμα,λ)

177 2508 233 2575 καί
246 2509 474 2575 κινδυνεύσοιεν
494 2509 638 2577 τολσιπὸν
656 2505 694 2575 οῦ
708 2507 863 2595 γαιηόχου
879 2508 993 2590 μόνον,
1020 2504 1103 2571 asti
1119 2506 1176 2573 καί
1196 2511 1265 2574 ε’νο-

250 2647 271 2681 ι.
289 2629 337 2692 τῆς
355 2614 429 2698 πρὸς
445 2629 503 2682 ταῖν
522 2631 551 2680 R.
611 2645 636 2682 n.
657 2631 696 2682 τιό
713 2623 768 2697 soii
785 2629 815 2680 a.
869 2629 893 2681 6.
903 2624 1062 2699 ῦφαίνοντο
1081 2627 1110 2678 R.
1163 2623 1265 2695 λόγιον

248 2701 317 2750 coni.
338 2699 389 2761 ct,
410 2697 495 2767 Intpr.
513 2700 574 2752 viri
589 2699 795 2754 litteratissimi.
876 2715 914 2751 ro·
933 2699 982 2748 καί
1000 2692 1059 2747 tut
1076 2696 1164 2766 vulg„
1186 2697 1215 2748 R.
1236 2705 1265 2750 et

246 2769 331 2835 Intpr.
350 2769 475 2837 copulam
494 2785 545 2820 om.
614 2787 651 2822 ιι.
665 2768 750 2840 ῥᾴδια
768 2771 797 2820 R.
873 2784 912 2821 ra·
930 2765 1141 2838 περιδονμένας
1157 2764 1220 2839 (sic)
1234 2769 1264 2820 u

252 2837 291 2905 ιδ.
311 2839 339 2888 ol
357 2836 389 2891 ts
406 2841 435 2890 ll.
490 2857 532 2892 ao.
549 2838 643 2890 tiatira
663 2841 692 2892 a.
750 2856 791 2891 nn.
810 2836 1023 2893 κινδυνεύσειεν
1040 2840 1069 2890 R.

178 2937 229 2992 aed
241 2940 271 2992 in
281 2940 383 3008 plateas
396 2934 543 2994 multitudo
555 2939 710 2994 confluebat
721 2940 870 2995 insolentia
879 2940 1055 3012 novitateque
1070 2940 1110 2993 rei
1122 2939 1195 2993 ultre
1205 2956 1266 2992 mo·

178 3009 245 3060 dum
259 3012 387 3080 perculsa.
423 3013 468 3062 Mc
479 3029 543 3064 vero
557 3029 667 3084 quoque
681 3014 770 3081 ipsum
784 3010 981 3079 (commorabar
994 3010 1067 3060 enim
1078 3011 1117 3061 ibi
1130 3020 1187 3061 tum
1197 3018 1266 3061 tem·

178 3081 254 3161 poris
278 3081 336 3132 eius
360 3081 520 3149 disciplinae
544 3099 642 3146 causa,
668 3099 738 3154 quae
762 3082 884 3134 studium
908 3082 975 3132 iuris
998 3079 1148 3149 praecedit)
1177 3087 1265 3130 metuo

178 3151 347 3214 rncessebnt,
377 3158 547 3220 reputantem
576 3169 702 3214 mecum,
730 3150 806 3222 quod
835 3150 943 3202 tametsi
978 3149 1088 3216 exiguus
1120 3146 1266 3199 admodum

179 3220 229 3271 ille
254 3229 344 3272 motus
375 3229 463 3283 essct,
493 3221 615 3274 aedilicia
633 3230 724 3273 tamen
753 3221 821 3291 ipsie
847 3227 938 3272 essent
960 3232 1050 3286 neque
1077 3217 1152 3268 firma
1175 3233 1265 3289 neque

180 3291 285 3359 ampla,
309 3307 434 3360 quaeque
458 3308 591 3350 succussa?
606 3308 641 3342 ne
666 3291 804 3344 tantillum
832 3289 943 3361 quidem
967 3287 1094 3407 temporis
1119 3286 1267 3340 subsistere

180 3368 309 3430 possent,
328 3369 359 3412 ut
378 3378 471 3431 parum
489 3359 580 3414 valida
606 3378 637 3412 ec
659 3363 746 3414 firma.
783 3359 906 3428 Simplici
930 3355 1003 3408 enim
1028 3364 1101 3408 atere
1120 3363 1184 3407 sunt
1201 3374 1267 3408 con·

179 3437 265 3485 texta.
291 3429 507 3486 Timebantvero
519 3432 601 3484 etiam
616 3440 753 3504 quotquot
765 3431 795 3482 in
810 3429 879 3481 urbe
892 3433 968 3479 erant
975 3426 1026 3477 viri
1038 3426 1120 3488 docti,
1132 3443 1189 3477 non
1201 3433 1267 3492 tam,

179 3501 222 3550 uti
235 3497 368 3564 arbitror,
384 3510 473 3553 motus
493 3504 546 3554 iam
567 3501 708 3570 praeteriti
722 3519 818 3564 causa,
842 3497 891 3551 sed
947 3495 983 3548 od
1001 3495 1148 3547 verisimile
1159 3495 1268 3548 videre-

179 3569 287 3638 turhoc
302 3569 390 3638 ipsum
411 3573 509 3623 iterato
529 3580 694 3625 eventurum.
741 3571 798 3640 Qui
821 3570 893 3622 enim
932 3567 992 3619 uiue
1012 3567 1078 3618 mali
1098 3581 1187 3618 causae
1209 3582 1267 3618 esse
1325 3564 1329 3583 ¹
1416 3616 1419 3623 ,

179 3636 277 3689 dicunt
292 3639 476 3697 exhalationes
485 3641 614 3712 quasdam
629 3643 709 3706 siccas
724 3640 826 3710 pariter
841 3646 870 3692 et
882 3639 1013 3700 fumosas,
1040 3636 1089 3686 sub
1102 3642 1267 3708 terraccon·

179 3709 296 3759 cavitate
315 3711 431 3778 clausas;
458 3730 518 3763 cum
540 3730 572 3764 uc
592 3712 672 3764 facile
694 3711 789 3763 difflari
804 3717 959 3781 nequeant,
986 3704 1173 3757 vehementius
1191 3706 1265 3756 intus

179 3779 384 3832 circumvolutae
400 3731 537 3852 quidquid
549 3799 629 3851 supra
642 3781 783 3851 impendet
795 3787 949 3841 succutere‚
969 3778 1055 3830 donec
1070 3775 1200 3826 violentia
1215 3776 1266 3825 im-

178 3854 259 3915 petua
274 3849 419 3904 fatiscente
430 3860 458 3902 et
470 3852 583 3903 cedente
598 3869 723 3922 compage
735 3852 765 3902 in
780 3858 902 3919 apertum
915 3849 1051 3899 serantur:
1068 3845 1115 3915 qui
1133 3840 1209 3907 haec,
1222 3847 1268 3896 inu

180 3934 272 3986 quam,
287 3917 320 3968 de
336 3929 522 3974 terraemotus
536 3930 630 3972 natura
642 3923 789 3982 disserunt,
802 3927 923 3974 auctores
936 3924 999 3966 sunt
1007 3915 1119 3984 Aegypti
1128 3916 1267 3983 regionem
1315 3914 1318 3920 “

178 4003 321 4057 nunquam
336 3998 507 4042 terraemotu
525 3991 633 4042 concuti
648 3991 744 4052 solere,
762 3998 858 4056 utpote
872 3987 1003 4037 humilem
1014 3983 1156 4037 admodum
1167 3993 1194 4035 et
1205 3985 1268 4054 pla-

133 4073 137 4086 *
179 4072 259 4120 nam,
271 4119 272 4125 ρ
286 4061 453 4130 minimeque
472 4077 657 4122 cavernosam,
676 4059 796 4138 ideoque
820 4055 952 4109 eiarsmodi
973 4052 1189 4106 exhalationibus
1210 4069 1267 4104 non

180 4127 302 4196 oppleri3
321 4130 343 4180 si
356 4147 419 4182 vero
436 4129 538 4198 aliquas
553 4131 666 4207 intraqe
683 4128 831 4194 concapiat‚
849 4143 892 4177 eas
903 4126 974 4194 ipsas
993 4141 1039 4175 sua
1052 4133 1148 4194 sponte
1162 4123 1198 4174 ob
1210 4129 1270 4172 ter-

181 4208 226 4248 rae
243 4197 385 4251 laxitatem
406 4198 514 4252 assidue
530 4209 682 4268 evaporare.
725 4195 793 4248 Cum
808 4211 872 4252 vero
890 4203 949 4249 tum
967 4196 1099 4264 temporis
1121 4209 1153 4246 ea
1173 4191 1267 4262 opinio

245 4295 387 4364 Agatdiae.
1015 4304 1030 4358 ⁷
