3109 4950
451 296 733 369 ursnondnnu
764 309 819 370 ru.
840 313 892 377 as.
1152 286 1232 398 189

146 460 313 544 ρομένους,
340 456 396 520 καί
413 448 480 521 οἷον
507 466 578 533 ταῖς
597 454 719 523 ἐλπίσιν
741 452 964 545 ἀπειρηκότας,
995 463 1164 548 διέστησαν
1183 467 1306 535 eri-M.
1327 484 1379 540 55⁵

146 556 210 633 θύς
231 551 286 619 ἀπ’
308 554 474 639 ἀλλήλων,
504 554 561 619 καί
576 550 810 643 ἀπεκρίθησαν,
847 559 905 622 ούκ
928 560 1100 643 ἐνεγκόντες
1118 554 1259 650 ἀνδραςῖ·
1271 555 1290 606 ¹·
1310 570 1345 623 ²9

146 657 431 735 δυοθανατάντας,
462 654 517 719 καί
532 648 603 719 ὅποι
619 656 732 731 αύτοϊς
749 656 785 721 τό
802 656 926 744 θράσος
939 658 1098 745 χωρήσει,
1127 661 1166 725 οά
1181 666 1235 727 λο-

146 755 337 838 γιζομένους.
373 745 456 818 ούτω
483 754 518 817 δὲ
537 754 665 818 ἐκείνων
685 756 840 841 ἐφέντων,
868 754 1076 844 ἐκδραμόντες
1096 758 1127 824 οἱ
1144 760 1264 827 ‘Pu-n

127 862 238 936 5μαῖοι
255 849 336 917 κατά
345 848 380 916 τό
396 860 554 937 παρεῖκον,
568 843 701 933 ἀσμενοι
716 848 815 931 αύθις
825 852 901 920 εἴοόο
915 859 973 921 τού
988 857 1154 944 περιβόλου
1167 863 1236 944 ἐγέ-

148 976 234 1021 νοντο
243 1003 252 1034 ,
273 954 328 1016 καί
342 948 401 1034 τὴν
416 950 518 1033 πύλην
529 948 762 1037 προοήρῖῥαξακ.
784 950 871 1040 παρά
891 957 1042 1021 τοσοῦτον
1054 960 1115 1037 μὲν
1126 958 1236 1023 κινδύ-

149 1074 205 1129 νου
230 1053 351 1132 ἵκοντο,
373 1048 431 1113 ούκ
449 1048 499 1111 ἐπ’
514 1040 604 1138 ἀλλην·
617 1072 661 1137 τερ
679 1048 941 1136 ἀριστεύσαντες,
960 1048 1084 1143 ἢμόνφ
1099 1057 1142 1145 τῷ
1163 1058 1235 1122 διο-

149 1139 261 1238 φυγεῖν
278 1148 335 1216 καί
352 1148 571 1233 ἀποσωθῆναι.

231 1246 287 1334 κγ’.
332 1252 403 1324 Τοῖς
426 1248 472 1311 δέ’
485 1249 548 1312 τιόν
567 1248 707 1333 Περσῶν
728 1248 925 1336 ἀχθοφόροις
954 1250 1136 1319 ἐκπλείοτου
1165 1257 1237 1320 δια-

108 1352 352 1430 ιοπονουμένοις
366 1348 400 1422 ἐς
419 1346 453 1410 τό
471 1342 529 1428 τὴν
543 1343 665 1432 τάφρον
683 1347 943 1431 καταχωννύναι,
973 1347 1043 1416 τότε
1060 1350 1099 1437 δι)
1124 1348 1237 1419 ἀπασα

149 1449 261 1523 αὐτοῖς
278 1442 505 1529 ἀνεπέπληστο,
531 1440 587 1509 καί
601 1445 742 1530 συνῆπτο
762 1447 985 1531 ἁπανταχόθεν
998 1447 1034 1513 τό
1054 1444 1237 1538 ἀπερρωγὸς

149 1547 206 1613 καὶ
225 1547 473 1632 μεμερισμένον,
511 1542 554 1619 ὥς
574 1542 631 1609 καί
644 1544 782 1628 βάσιμον
806 1540 887 1611 εἶναι
908 1544 944 1612 τό
959 1551 1079 1636 χωρέειν
1103 1554 1235 1640 στρατιᾷ

149 1642 395 1731 τειχομαχούση,
416 1645 472 1709 καί
487 1639 546 1721 τοὶς
563 1636 720 1718 ἑλεπόλεις
734 1642 880 1729 μηχανάς
897 1644 935 1711 ού
949 1650 1097 1729 χαλεπῶς
1111 1649 1238 1714 ἐνθένδε

149 1744 384 1834 προσάγεσθαι.
421 1736 542 1828 μακρός
574 1743 611 1806 δέ
639 1741 750 1817 αύτοῖς
779 1739 801 1827 ἢ
831 1742 911 1809 κατά
945 1744 1003 1832 τὴν
1031 1747 1238 1834 πολυχειρίαν

111 1849 184 1920 ιὸἒν
198 1847 279 1934 τῷδε
300 1845 345 1931 τῷ
364 1839 443 1930 ἔργῳ
466 1837 583 1926 χρόνος
603 1842 722 1928 ἐτρίβη.
751 1843 864 1918 λίθους
881 1843 943 1931 γάρ
968 1844 1048 1911 κατά
1065 1842 1101 1909 τό
1117 1850 1235 1928 μᾶλλον

149 1944 205 2010 καί
226 1946 308 2027 χούν
324 1938 530 2025 ἐμβαλόντες,
568 1940 607 2005 ού
625 1939 741 2029 ῥᾳδίως
760 1939 841 2026 πρός
860 1941 920 2020 τάς
936 1947 1128 2031 συγκλεισεις
1145 1946 1318 2032 iujo-pop
1384 2008 1393 2019 ,

149 2068 245 2127 κουν,
277 2040 378 2121 ξύλων
399 2039 436 2102 ού
451 2036 539 2119 μάλα
561 2036 744 2125 παρόντων,
766 2034 815 2103 ότι
836 2039 881 2126 μη“
898 2039 1003 2107 όπόοα
1020 2042 1187 2130 πόρρωθεν
1203 2046 1246 2133 ἐκ,

148 2146 204 2230 τῆς
218 2142 315 2226 νάπης
334 2143 577 2221 κατατέμνοντες
601 2134 657 2217 ξύν
680 2135 764 2228 πύνφ
785 2143 891 2229 πολλῷ
907 2139 1103 2223 διεκόμιζον.
1123 2141 1154 2207 οἱ
1177 2141 1237 2230 γάρ

144 2243 303 2323 Ῥωμαῖοι
318 2234 489 2321 ἐτύγχανον
510 2229 572 2321 ἤδη
589 2235 740 2324 πρότερον
756 2224 898 2315 ἀπαύτας
917 2237 991 2315 τούς
1005 2238 1093 2326 ἀμφὶ
1104 2238 1140 2306 τύ
1156 2234 1236 2307 ἀοτυ

105 2339 270 2425 αοάγρούς
292 2334 522 2423 ἐμπρήσοντες,
549 2338 604 2401 καί
620 2334 699 2423 πρός
722 2360 756 2419 γε
781 2334 838 2413 τὰς
861 2339 925 2403 τοόν
945 2335 1122 2424 ὁδοιπόρων
1141 2364 1238 2404 κοτα-

148 2436 255 2514 λύοεις
282 2436 336 2503 καί
365 2434 398 2502 εἴ
422 2460 455 2502 τι
472 2440 577 2523 ἕτερον
605 2436 791 2521 ἐνδιαίτημα
812 2431 855 2514 ἀς
876 2435 1087 2523 πλησιαίτατα
1118 2439 1239 2526 ἵδρυτο.

221 2577 246 2630 5.
264 2581 404 2645 παρεῖκον
423 2575 454 2628 R.
475 2580 503 2626 et
518 2571 603 2644 Lugd.
624 2589 706 2638 corn,
725 2573 857 2646 παρῆκον
878 2574 948 2643 vulg.
1055 2575 1082 2628 6.
1099 2574 1190 2627 πόλιν
1206 2575 1236 2626 R.

220 2643 427 2732 upouidpufur
446 2646 486 2707 R„
503 2646 676 2715 προσεῖρξαν
696 2643 767 2713 vulg.
788 2716 795 2730 .
828 2663 868 2698 ιο.
883 2645 913 2702 rr
930 2640 982 2698 τόν
998 2646 1120 2714 (punctis
1139 2644 1237 2697 subdi-

221 2717 459 2857 φρχχαφρφιχίὲἂ
474 2713 805 2853 ἐφχχρκρφΐτὲρρριροοι.
824 2714 883 2780 CL,
911 2716 994 2785 Intpr.
1018 2717 1083 2788 plus
1108 2717 1238 2787 temporis

151 2890 240 2942 salute
258 2889 287 2940 in
304 2905 333 2940 sc
352 2889 417 2940 ferri
433 2886 574 2951 viderent,
603 2886 747 2938 confestim
770 2888 856 2938 aciem
872 2888 946 2939 inter
969 2905 1028 2940 sese
1050 2896 1145 2942 mutuo
1166 2889 1237 2948 diri-

151 2967 262 3012 merunt
290 2977 322 3011 ac
342 2967 517 3027 separarunt,
538 2957 683 3010 hominum
703 2973 764 3008 cum
785 2966 858 3009 certa
875 2958 1071 3030 propemodum
1089 2967 1175 3012 morte
1193 2961 1238 3010 lu-

131 3033 288 3082 ctantium
307 3036 335 3081 et
353 3039 470 3080 extrema
497 3029 688 3092 a'udcntium,⁴
702 3043 793 3098 neque
816 3046 871 3098 qao
898 3029 965 3096 ipsis
989 3027 1102 3080 audacia
1127 3045 1239 3080 evasura

148 3109 226 3156 ‚essct
243 3100 428 3168 reputantium
447 3102 579 3167 impetum
596 3114 770 3168 nequaquam
787 3099 960 3150 sustinentes.
997 3098 1043 3149 Sic
1059 3100 1153 3168 itaque
1172 3115 1238 3167 per-

154 3171 328 3222 mittentibus
349 3172 435 3223 Persis
453 3169 567 3220 Romani
587 3171 685 3237 effugio
709 3168 795 3235 clapsi
814 3169 880 3219 laeti
897 3184 955 3219 sese
979 3168 1050 3219 intra
1068 3185 1174 3218 murum
1192 3185 1238 3220 re-

155 3250 301 3310 ceperunt,
322 3241 457 3311 simulque
472 3248 578 3311 portam
597 3238 758 3290 clauserunt.
803 3238 835 3289 ln
863 3246 970 3289 tanturn
990 3235 1136 3290 discrimen
1152 3253 1237 3289 vene-
1330 3240 1333 3248 “

154 3319 233 3373 rant,
251 3311 326 3362 nulia
344 3313 398 3364 alia
424 3327 452 3362 re
471 3311 607 3381 praeclare
632 3315 726 3379 gesta,
753 3324 834 3377 quam
856 3307 931 3377 quod
955 3307 1013 3360 sola
1036 3308 1100 3380 fuga
1122 3308 1239 3363 salutem

154 3380 210 3432 aibi
229 3383 405 3450 peperissent.
430 3413 433 3420 ›

227 3453 268 3504 23.
302 3453 437 3505 Persarum
456 3467 519 3502 vero
535 3448 633 3512 baiuli,
672 3447 700 3498 ui
717 3445 877 3500 iamdudum
902 3450 932 3500 in
952 3446 1088 3518 opplenda
1106 3448 1179 3503 fossa
1194 3448 1238 3498 la-

153 3521 300 3582 borarunt,
327 3523 379 3572 iam
397 3523 473 3572 illam
499 3528 583 3571 totam
609 3467 770 3588 οφράετοοες
796 3527 824 3569 et
849 3519 983 3590 quicquid
1002 3519 1078 3570 omni
1101 3535 1135 3569 ex
1161 3525 1240 3586 parte

153 3592 303 3660 abruptum
321 3591 509 3659 divulsamque
528 3591 625 3652 iuerat,
645 3589 825 3656 compositum
842 3589 897 3640 iam
914 3589 1151 3659 adaequatumque
1171 3593 1240 3649 erat,

152 3663 193 3712 ita
211 3669 242 3711 ut
260 3663 391 3714 exercitui
410 3662 643 3730 oppugnationem
660 3661 730 3712 muri
750 3659 858 3713 adituro
877 3661 953 3712 locus
969 3662 1078 3728 pervius
1097 3664 1184 3720 esset,
1210 3664 1240 3711 ct

151 3733 253 3782 arietes
273 3730 562 3802 aliaequemachiuae
590 3729 774 3800 expugnandis
804 3730 918 3782 urbibus
943 3727 1159 3781 accommodatae
1182 3744 1240 3778 non

151 3801 303 3852 difficulter
315 3801 457 3852 moenibus
477 3800 616 3854 admoveri
633 3810 751 3870 possent
788 3803 849 3854 Plus
867 3818 930 3852 vcro
949 3799 1078 3868 temporis
1093 3814 1173 3869 quam
1190 3814 1240 3864 pro
1337 3800 1341 3808 '

150 3870 331 3934 multitudine
350 3888 494 3941 operarum
519 3887 551 3922 co
579 3872 609 3922 in
643 3888 724 3940 opere
756 3871 895 3922 triverant
931 3870 998 3921 Cusn
1029 3869 1102 3920 enim
1132 3867 1240 3936 lapides

151 3943 270 3994 maxima
289 3950 415 4012 exparte
433 3940 601 4011 humumque
614 3941 809 4008 ingessissent,
827 3939 975 4009 replendae
995 3939 1083 3990 fossae
1100 3938 1167 3990 hacc
1183 3956 1241 3988 non

152 4013 342 4078 sufficiebant3
363 4014 439 4082 ligna
458 4011 560 4062 etenim
581 4008 616 4060 ud
634 4026 742 4060 manum
762 4027 818 4061 non
832 4017 929 4071 erant,
947 4009 1001 4060 nisi
1026 4010 1121 4077 procui
1138 4002 1239 4059 indae

152 4083 221 4134 silva
237 4101 311 4136 caesa
332 4083 419 4136 multu
441 4079 611 4132 curn‘labore
628 4077 806 4134 adferrentur.
845 4080 1052 4132 namurcum
1075 4081 1136 4132 tam
1159 4085 1239 4130 auus

151 4169 229 4219 agros
248 4151 428 4207 omnes.urbi
448 4151 651 4209 circumiectus,
671 4157 701 4200 ct
713 4156 860 4215 praetcrea
884 4150 975 4202 omnia
992 4151 1126 4202 viatorum
1147 4145 1239 4198 diuer-

151 4222 242 4288 soria,
262 4232 289 4276 ct
302 4225 329 4277 εἰ
349 4240 419 4297 quae
437 4221 490 4274 ulia
513 4222 543 4276 in
558 4217 686 4290 proximo
706 4226 788 4284 mant
807 4217 967 4285 domicilia,
980 4220 1181 4280 incenderunt·
1200 4232 1237 4270 2⁰
