3109 4950
299 319 380 406 118
737 339 948 411 AGATHttt

150 512 219 575 λα
232 512 285 587 554
297 497 420 585 Μήδων
439 496 726 584 ἀναγραφομένοις,
748 490 929 581 ἱστόρηται·
953 494 1011 560 νῦν
1025 495 1061 559 (λλ
1079 490 1123 571 ola
1137 491 1179 559 τά
1195 493 1296 562 πολλά
1312 501 1383 572 τοῖς

185 588 238 651 λλ
251 590 499 683 218υοιλουμίνοις
518 593 714 678 Μανιχαίοις
734 595 983 681 ξυμφέρονται,
999 590 1110 659 ἔσόσον
1133 594 1191 659 δύο
1217 596 1274 671 τὰς
1290 595 1381 682 πρά-

295 714 353 775 τας
380 698 526 783 ἡγεῖσθαι
553 689 670 780 ἀρχάς,
706 691 761 757 καί
783 690 842 778 τὴν
866 693 926 775 μὲν
955 686 1080 777 ἀγαθήν
1101 716 1137 757 το
1166 688 1233 775 ἅμα
1256 696 1311 758 καί
1337 692 1380 758 τά

297 796 447 863 κάλλιστα
468 794 533 859 τάν
556 785 655 857 ὄντων
681 786 926 875 ἀποαυήσασαν,
956 789 1105 866 ἐναντίους
1128 793 1164 855 δὲ
1191 795 1259 857 κατ’
1280 785 1381 879 ἄμφω

298 894 437 978 ἔχουσαν
450 892 509 979 τήν
522 888 645 978 ἑτέραν·
664 886 807 974 ὄνόματά
819 916 855 954 τε
878 886 991 965 αὗταῖς
1022 889 1175 974 ἐπάγουσι
1196 889 1402 978 βαρβαρικάὅ

299 991 355 1058 καί
366 972 406 1079 ap*
420 994 556 1081 σφετέρᾳ
577 989 696 1078 γλώττῃ
717 994 917 1075 πεποιημένα.
943 988 1069 1073 τὸνμὲν
1085 988 1146 1076 γάρ
1168 988 1302 1074 ἀγαθὸν,
1321 989 1384 1055 εἴτε

298 1089 458 1178 etet-repetas
475 1088 686 1178 δημιουργὸν,
715 1085 927 1178 Ὀρμισδάτην
955 1090 1182 1172 ἀποκαλοῦσιν,
1205 1086 1384 1177 Ἀριμάνης

236 1204 240 1221 ’
300 1195 338 1259 δὲ
361 1184 460 1273 ὄνομα
479 1194 525 1281 τῷ
543 1190 675 1277 κακίστῳ
695 1193 751 1255 καί
767 1188 912 1279 ὀλεθρίῳ.
939 1186 1052 1276 ἑορτήν
1067 1212 1100 1253 τε
1119 1191 1229 1255 πασῶν
1249 1188 1383 1273 μείζονα
1451 1272 1454 1282 1

224 1289 359 1377 notaris
378 1292 442 1356 τῶν
457 1291 560 1354 κακῶν
581 1293 745 1373 λεγομένην
766 1284 929 1376 ἀναίρεσιν
953 1290 1142 1369 ἐκτελοῦσιν,
1171 1290 1206 1352 ἒν
1228 1282 1326 1377 ᾗτάν
1348 1310 1384 1353 τε

300 1385 441 1478 ἑρπετῶν
463 1395 592 1455 πλεῖστα
618 1389 673 1454 καί
693 1390 755 1457 τῶν
769 1380 874 1454 ἀλλων
896 1386 984 1467 ζάων
1004 1384 1105 1453 ὁπόσα
1126 1380 1220 1475 άγρια
1238 1387 1293 1453 καί
1310 1390 1426 1475 ε’ρη-το

301 1484 427 1572 μονάμα
449 1490 713 1572 κατακτεινοντες,
742 1496 809 1564 τοϊς
828 1489 941 1571 μάγοις
961 1487 1192 1575 προσάγουσιν,
1222 1483 1326 1574 ὥσπερ
1352 1488 1387 1565 ἐς

223 1658 225 1663 s
302 1584 452 1665 ἐπίδειξιν
468 1580 639 1671 τάσεβείας.
663 1584 760 1675 ταύτῃ
781 1585 840 1672 γάρ
860 1584 979 1651 οἴονται
1006 1588 1051 1675 τῷ
1076 1590 1135 1668 μὲν
1157 1581 1267 1674 ἀγαθῷ
1292 1612 1387 1669 κεχα-

304 1688 438 1773 ρισμένα
460 1687 700 1769 διαπονεῖσθαι,
727 1685 819 1773 ἀνιρῖν
844 1684 955 1750 δὲκαὶ
977 1686 1189 1767 λυμαίνεσθαι
1212 1684 1268 1750 τ’ὰν
1294 1680 1387 1771 Ἀρι-

301 1782 415 1869 μάνην.
441 1785 624 1870 γεραίρουσι
643 1786 677 1849 δὲ
701 1785 734 1861 ἐς
749 1782 790 1848 τά
814 1784 953 1867 μάλιστα
978 1782 1014 1848 τὸ
1040 1779 1126 1870 ὕδωρ
1137 1836 1147 1867 ,
1177 1781 1221 1859 ὥς
1242 1785 1322 1868 μηδὲ
1344 1781 1384 1847 τά

305 1880 457 1969 πρόσωπα
478 1877 566 1971 calepi
583 1883 823 1963 ἐναπονίζεσθαι
830 1935 840 1967 ,
867 1880 949 1969 μήτε
966 1876 1068 1958 άλλως
1086 1880 1297 1967 ἐπιθιγγάνειν
1304 1933 1314 1964 ,
1336 1877 1428 1948 turs

304 1980 350 2068 μὴ
366 1984 465 2049 ποτοῦ
480 2005 514 2048 τε
534 1984 621 2048 ἕκατι
642 1980 765 2067 καὶτῆς
782 1985 845 2048 τῶν
868 1985 978 2070 φυτῶν
999 1983 1187 2063 ἐπιμελείας.

313 2094 315 2099 ’
363 2114 365 2117 ·
389 2078 441 2146 κε’.
481 2078 629 2157 Πολλοὺς
645 2080 681 2147 ’δὲ
705 2082 760 2146 νἀί
781 2073 897 2157 ἀλλους
918 2078 1014 2158 θεοάς
1036 2077 1228 2161 ὀνομάζουσι
1244 2079 1300 2145 καί
1317 2076 1387 2145 ἱλά-

307 2200 447 2249 σκονται·
474 2181 566 2245 τοῦτο
585 2176 770 2265 Ἑλληνικόν.
806 2182 936 2257 θυσίαις
958 2203 992 2243 τε
1007 2182 1151 2265 χρῶνται
1174 2177 1230 2243 καί
1251 2174 1387 2265 ἀφαγνι-

309 2286 400 2362 σμοῖς
422 2276 478 2343 καί
490 2278 679 2360 μαντείαιςχ
695 2278 750 2343 καί
762 2283 852 2345 rouro
875 2276 1065 2364 Ἑλληνικόν.
1087 2275 1124 2341 τὸ
1146 2278 1182 2341 δὲ
1201 2280 1262 2363 πῦρ
1283 2273 1390 2353 αὐτοῖς

309 2376 414 2462 τίμιόν
427 2402 471 2443 τε
487 2372 568 2443 εἶναι
591 2380 678 2443 δοκεῖ
692 2378 748 2444 καί
761 2378 956 2463 ἁγιώτατον,
990 2377 1046 2444 καὶ
1065 2379 1171 2443 τοίνυν
1188 2377 1222 2441 ἐν
1244 2376 1433 2452 σίκισκοιςαο

276 2489 303 2542 «Β
313 2478 396 2544 τισίν
412 2477 509 2565 ἱεροῖς
525 2502 559 2544 τε
582 2481 678 2562 δῆθεν
698 2478 754 2546 καί
775 2475 1030 2566 ἀποκεκριμένοις
1054 2475 1214 2562 ἄσβεστον
1240 2475 1271 2541 οἱ
1294 2474 1391 2560 μάγοι

311 2577 528 2665 φυλάττουσι,
555 2579 611 2642 καί
631 2580 664 2654 ἒς
679 2579 777 2644 ἐκεῖνο
797 2574 978 2665 ἀφορῶντες
994 2582 1053 2656 τάς
1070 2603 1104 2644 τε
1121 2576 1322 2665 ἀπορρήτους
1341 2601 1392 2640 τε-

381 2698 406 2734 ν.
434 2679 493 2730 καλ.
519 2683 696 2750 Μανιχαίοις
717 2683 766 2746 lt,
789 2684 897 2750 Μανιχ.
916 2684 975 2734 καλ.
993 2684 1065 2754 vulg.
1169 2680 1194 2748 λ,
1212 2678 1273 2731 κατ’
1301 2678 1391 2750 ἄμφω

380 2751 430 2812 tt,
452 2750 501 2818 κοιλ
519 2747 579 2801 κατ’
595 2749 683 2822 ἄμφω
701 2753 771 2821 vulg.
857 2751 883 2807 5.
901 2754 1001 2810 αὐτοῖς
1017 2756 1058 2817 tt,
1078 2750 1261 2818 eunoicvulg.
1365 2767 1390 2819 p.

378 2815 567 2890 Ὀρμισδάτην
583 2821 613 2872 R.
622 2859 631 2886 ‚
648 2823 732 2891 lutpr.
750 2822 959 2888 Hornusdatr'm,
974 2821 1180 2897 Ὀρμισσάστην
1203 2823 1274 2890 vulg.

311 2903 511 2974 Medorumque
535 2923 577 2958 res
603 2909 836 2976 conscripserunt,
861 2918 1008 2967 testantur.
1039 2909 1132 2962 -Nunc
1148 2925 1211 2962 vero
1237 2907 1339 2957 maiore
1356 2921 1392 2957 ex

312 2983 391 3047 parte
409 2992 470 3028 curn
497 2975 545 3039 iis,
563 2977 792 3049 quigManichaei
810 2978 947 3044 dicuntur,
972 2981 1153 3046 conveniunt3
1179 2986 1311 3048 quatenus
1335 2974 1390 3026 duo

312 3045 402 3116 prima
418 3045 556 3115 principia
582 3055 702 3112 satuunt,
721 3057 803 3119 atque
821 3050 937 3101 alterum
964 3050 1076 3122 quidem
1102 3051 1205 3101 bouum
1235 3056 1263 3099 et
1289 3046 1391 3115 optima

314 3131 439 3186 quaeque
461 3132 495 3168 ex
521 3133 549 3168 se
570 3119 695 3188 gignens3
718 3120 833 3170 alterum
864 3123 999 3172 contrario
1033 3122 1115 3190 plane
1138 3117 1218 3171 modo
1245 3114 1392 3168 secundum

313 3183 383 3241 haec
401 3187 454 3238 duo
473 3203 501 3237 se
521 3183 641 3254 habens3
668 3191 832 3260 nominaque
857 3192 913 3242 illis
940 3190 1041 3243 indunt
1063 3191 1196 3251 barbara,
1214 3206 1249 3239 ex
1272 3188 1393 3256 ipsorum

313 3255 408 3326 lingua
425 3255 512 3308 ducta.
547 3259 651 3309 Bonum
668 3260 749 3324 enim,
766 3262 822 3313 sive
839 3261 928 3312 Deum
946 3263 1003 3314 sive
1017 3271 1175 3323 creatorem,
1195 3256 1393 3311 Hormisdatcm

312 3327 468 3395 appellant3
492 3323 631 3380 Arimanes
658 3338 749 3381 autem
771 3332 888 3398 pessimo
915 3333 958 3383 illi
986 3350 1017 3384 ac
1039 3332 1192 3402 pernicioso
1218 3338 1260 3379 est
1283 3338 1394 3379 nomen.¹

311 3395 425 3449 Festum
450 3399 531 3448 etiam
548 3398 670 3449 omnium
696 3401 858 3466 maximum,
886 3401 961 3472 quod
984 3403 1115 3470 malornm
1143 3400 1326 3452 sublationem
1343 3413 1394 3448 vo-

315 3473 397 3529 cant,
413 3475 555 3536 peragunt,
573 3468 602 3520 in
621 3486 675 3538 quo
694 3481 833 3537 serpentes
853 3472 1075 3543 quamplurimos,
1095 3480 1173 3524 etex
1190 3469 1250 3520 aliis
1269 3469 1394 3520 animan-

315 3535 390 3588 tibus
409 3553 586 3608 quaecuuque
604 3537 717 3590 desertis
734 3542 765 3590 in
784 3542 851 3592 loeis
870 3541 981 3611 degunt,
1001 3543 1205 3602 interficientes,
1220 3541 1304 3608 magis
1325 3543 1392 3590 offe-

316 3613 400 3670 runt,
425 3607 511 3660 veluti
535 3607 564 3656 in
585 3615 771 3676 argumentum
794 3613 913 3680 pietatis.
949 3613 988 3663 Ea
1013 3614 1086 3664 enim
1103 3611 1209 3662 ratione
1231 3609 1345 3660 credunt
1362 3624 1392 3659 se

315 3673 418 3744 bonam
435 3684 590 3747 gratamque
611 3675 684 3728 bono
702 3679 745 3730 illi
770 3697 880 3750 operam
901 3699 1025 3745 navasse,
1052 3683 1183 3748 ingratam
1199 3697 1262 3732 vero
1290 3688 1319 3730 et
1340 3695 1391 3728 no·

314 3745 388 3795 xiam
403 3746 533 3799 Arimani.
569 3746 740 3800 Venerantur
760 3759 851 3804 autem
871 3753 1016 3820 praecipue
1032 3769 1139 3822 aquam,
1164 3751 1233 3802 adeo
1252 3756 1284 3801 ut
1299 3763 1391 3818 neque

314 3813 414 3866 faciem
433 3834 464 3869 ea
484 3818 613 3882 abluant,
637 3833 728 3890 neque
750 3820 832 3872 aliter
854 3823 999 3892 attingant,
1024 3823 1079 3874 nisi
1100 3830 1180 3892 potus
1199 3823 1279 3872 caus'a
1308 3826 1336 3870 et
1353 3815 1390 3868 ob

313 3883 467 3954 Plantamm
485 3904 581 3940 curam.

385 3957 426 4010 25.
461 3955 562 4010 Multos
582 3975 644 4010 vcro
664 3959 748 4012 etiam
770 3961 838 4012 alios
854 3959 927 4013 Deos
952 3959 1058 4014 habent
1074 3969 1103 4014 et
1121 3961 1230 4025 aolnnt3
1257 3957 1288 4008 id
1306 3956 1392 4008 Grae-

314 4023 438 4078 canicum
449 4034 496 4078 est.
527 4027 669 4082 sacrificiis
684 4034 767 4084 etiam
784 4039 898 4084 utuntur
920 4039 948 4084 et
967 4031 1175 4084 lustrationibus
1199 4039 1226 4080 et
1238 4027 1391 4090 vaticiniis3

316 4096 399 4167 etiam
419 4093 472 4147 hoc
496 4096 661 4152 Graecanico
682 4119 765 4156 more.
817 4103 889 4154 Inis
914 4111 1005 4156 antem
1027 4105 1062 4154 iis
1080 4103 1195 4152 maxime
1215 4095 1391 4150 honorandus

311 4165 554 4238 ⁴sanctissimusque
573 4169 694 4238 videtur;
712 4179 794 4244 atque
814 4120 915 4224 islcirco
933 4175 964 4224 in
979 4173 1110 4226 aediculis
1127 4168 1290 4241 quibusdam
1309 4165 1392 4217 sacris

316 4243 349 4290 aa
365 4238 476 4292 semotis
495 4237 567 4307 magi
590 4253 652 4292 curn
671 4257 819 4311 perennem
835 4251 986 4308 asservant,
1010 4244 1096 4316 inque
1116 4257 1179 4295 eum
1209 4237 1391 4310 despicientes

1150 4479 1160 4503 t
