3109 4950
475 311 758 387 narounnun
795 312 847 374 ιι.
868 315 919 386 29,
998 383 1003 404 Ι
1095 359 1098 376 ,
1145 301 1222 388 27¹

152 483 278 572 ’ὁμοίαις
292 473 381 566 ἢκαέ
393 470 536 558 periurus
550 468 689 554 οἶμιλησε
705 470 894 552 συμφοραῖς.
913 459 976 526 ύπό
989 459 1051 545 γάρ
1074 449 1229 543 Ὀρέστου
1238 465 1268 520 Α.
1280 467 1310 522 c.
1320 455 1372 520 556

152 580 375 674 pernarrare,
394 576 550 659 πέφευγεν
566 570 602 632 ἐκ
617 568 672 651 τῆς
695 565 840 644 Ἰταλίας,
861 550 1080 644 άποβεβληκύς
1096 559 1158 640 μὲν
1176 539 1259 640 τηνῙ·
1266 536 1327 596 13⁰

151 677 325 766 ἁλουργίδα
333 727 343 758 ,
364 667 520 738 ούκέτι-δὲ
537 664 638 752 αὐτὴν
655 661 849 729 άντανείλιτο
857 712 867 743 ,
890 654 959 723 ἄλλ’
976 661 1010 723 έν
1025 657 1170 732 ἰδιώταις
1183 677 1233 720 τε·
1285 659 1287 664 ’

154 784 218 845 isin
233 772 403 864 διεφθάρη.
432 762 535 843 ούτως
550 757 620 851 άραΙ
637 765 672 828 έν
686 765 730 848 τῷ
746 760 817 825 τότε
839 755 1015 841 μεταβολάς
1040 751 1236 842 παραλόγους

134 877 235 954 §sarci
254 871 509 958 τούννρατιίττων
533 861 699 944 δυνάμεων
714 862 879 925 συνελθεῖν
894 857 1080 940 ξυνηνέχθη.
1109 851 1236 939 ζητούν-

151 1003 217 1044 των
232 979 294 1059 μέν
308 965 365 1037 ούν
383 966 440 1054 τὴν
452 962 571 1030 τούτων
587 962 695 1025 αἰτίαιν
710 955 740 1023 οἱ
761 957 820 1034 τάς
841 958 904 1020 τῶν
917 949 1041 1038 άδήλων
1063 947 1237 1036 ἀνιχνεύειν

151 1073 262 1165 οἶρχάς
285 1070 468 1150 εἰθισμένοι,
489 1065 545 1127 καί
571 1061 747 1143 λεγέτωσαν
764 1052 872 1132 ὁποιάς
896 1052 950 1117 καί
965 1051 1146 1136 βούλοιντο,
1167 1047 1239 1131 ipos*
1321 1118 1324 1123 ,

153 1180 190 1242 δὲ
204 1177 263 1260 τῆς
277 1171 429 1256 προτέρας
445 1161 600 1247 έκδρομῆς
617 1155 673 1221 καῖ
694 1148 791 1230 αὖθις
812 1152 1034 1236 μεταληπτέον.
1054 1145 1237 1233 τεθνηκότος

152 1271 216 1360 γάρ
245 1272 304 1336 τού
326 1261 481 1347 Καβάδου
510 1254 590 1322 κατά
613 1252 650 1320 τὸ
682 1257 822 1336 πέμπτον
847 1249 916 1326 ἔτος
937 1251 992 1334 τῆς
1017 1245 1237 1313 Ἰουστινιανού
1326 1264 1332 1279 ·

116 1370 248 1459 ιοπαρά
273 1364 442 1447 Ῥωμαιοις
456 1356 628 1444 βασιλείας,
648 1355 794 1440 Χοσράης
811 1350 828 1415 δ
846 1350 927 1416 πάνυ
945 1347 962 1412 ὅ
977 1350 1053 1413 καθ’
1066 1345 1150 1432 ἡμᾶς
1168 1349 1266 1410 δια-Ρ.
1278 1346 1330 1408 llio

155 1475 286 1553 δέχεται
302 1463 358 1550 τὴν
381 1456 526 1547 πατρῴαν
547 1452 672 1542 ἀρχὴν,
710 1450 765 1516 καί
788 1453 930 1536 πέπραχε
949 1455 1077 1512 πλεῖστα
1099 1441 1158 1510 ὅσα
1184 1445 1239 1508 κατ’

153 1572 307 1654 μέγιστα,
326 1555 373 1628 ὧν
392 1559 462 1627 ἔνια
482 1559 541 1640 μὲν
557 1554 730 1640 Προκοπύρι
748 1552 792 1638 τῷ
808 1546 917 1635 ῥήτορι
936 1550 1238 1632 προαναγέγραπται,

155 1671 222 1734 τῶν
241 1667 277 1730 δὲ
298 1661 418 1726 λοιπῶν
438 1655 556 1738 ἕμοίγε
572 1652 612 1718 τά
631 1652 692 1734 μὲν
708 1648 831 1734 εἴρηται
843 1639 924 1731 ἤδη,
944 1643 985 1710 τά
1005 1647 1040 1710 δὲ
1057 1639 1239 1719 ἀκολούθως

154 1764 325 1852 εἰρήσεται.
351 1755 395 1834 οἷς
413 1749 453 1820 dv
479 1757 515 1819 δὲ
535 1749 572 1817 τύ
589 1751 719 1831 συνεχὲς
737 1746 801 1812 τεάν
821 1746 948 1832 χρόνων
970 1741 1143 1809 τελεώτατα
1168 1745 1239 1806 δια-

115 1859 360 1952 ιόφυλαχδειη,
380 1855 529 1920 τοσούτω
541 1852 605 1936 ipsi
624 1845 704 1934 πρὸς
725 1843 760 1910 τά
780 1843 898 1930 παρὸν,
927 1845 972 1918 sic
993 1843 1025 1918 ές
1044 1839 1120 1908 imai
1137 1837 1242 1906 τεκαὶ

155 1962 391 2047 τεσσαράκοντα
407 1948 574 2025 ἐνιαυτούς
590 1951 645 2012 τοῦ
664 1945 799 2032 κράτους
818 1941 974 2026 ἐχόμενος,
996 1941 1112 2016 πολλάς
1127 1937 1240 2024 ἀνεδή-

155 2085 239 2128 σατο
260 2057 356 2132 νίκας·
375 2057 430 2139 κατ’
444 2060 565 2137 γέγονεν
581 2047 686 2122 ύποῖος
704 2038 792 2108 ούπω
805 2040 954 2129 πρότερον
968 2035 1061 2116 ἄλλος
1076 2040 1139 2105 τοῖν
1153 2034 1241 2124 παρά

154 2163 309 2247 Πέρσαις
328 2148 596 2239 βεβασιλευκάτων
621 2142 853 2224 άναδέδεικται,
875 2140 938 2226 εἴγε
956 2144 1000 2229 τῷ
1013 2141 1106 2205 narrt
1122 2133 1242 2222 ἓκάστηι

152 2255 372 2344 συγκρύνοιτο,
395 2253 470 2316 οὐδὲ
487 2251 517 2314 εἰ
531 2251 640 2332 Κῦρον
658 2242 741 2308 εἴποι
759 2267 807 2318 τις
823 2233 863 2306 άν
879 2239 934 2306 τάν
950 2235 1149 2322 Καμβύσου,
1170 2227 1244 2297 sits

110 2362 298 2443 wAapciov
318 2353 512 2430 Ὑστάσπεω,
542 2347 618 2410 ούδὲ
630 2340 694 2429 μην
717 2338 837 2426 Ξέρξην
853 2341 977 2420 ἐκεῖνον,
1001 2336 1056 2402 τὸν
1072 2330 1271 2418 ἱππήλατονΒ

152 2459 216 2540 μὲν
237 2449 401 2521 δεικνύντα
420 2448 479 2533 τὴν
491 2443 671 2526 θάλατταν,
700 2443 735 2507 έν
753 2442 790 2508 δὲ
803 2447 867 2515 τοῖς
887 2429 976 2525 ὄρεσι
994 2434 1243 2517 ναυτιλλόμενοι.

152 2557 241 2643 πλην
264 2549 343 2618 ἄλλά
355 2546 498 2633 τοιοῦτός
510 2572 545 2631 γε
561 2539 626 2627 siv,
655 2539 767 2627 ἀκλεής
784 2563 819 2624 γε
839 2539 926 2626 αύτῷ
946 2534 1037 2623 ἢτοῦ
1057 2533 1129 2619 βίον
1145 2556 1243 2597 κατα·
1280 2612 1281 2615 ¹

152 2651 286 2743 στροφὴ
301 2654 423 2733 γέγονεν
430 2700 442 2730 ,
467 2646 523 2711 καί
539 2640 645 2730 οἰκτρά
685 2639 824 2705 καὶτῶν
850 2636 1043 2727 φθασάντων
1072 2630 1245 2719 ἀλλοτριω-

194 2780 198 2787 ’
235 2790 263 2855 ι..
278 2770 325 2821 καὶ
338 2770 441 2887 instes
456 2766 488 2886 ἓ.
576 2764 599 2815 5.
619 2759 780 2829 συνηνέχθη
798 2758 828 2816 R.
914 2759 951 2815 ¹8·
962 2756 1018 2808 εἴτε
1035 2754 1075 2819 R,
1094 2754 1176 2825 Intpr.
1197 2751 1244 2807 vel

235 2860 271 2895 ει.
327 2850 385 2909 ιργε
399 2852 437 2906 πη
477 2871 485 2883 .
919 2878 925 2889 ,

150 2975 300 3036 similibus
321 2980 369 3025 aut
384 2968 531 3023 maioribus
555 2963 757 3019 calamitatibus
776 2964 830 3016 suit
847 2964 998 3021 immersus.
1034 2964 1104 3015 Nam
1124 2962 1158 3013 ab
1177 2962 1247 3015 Ore-

151 3062 199 3105 ste
221 3050 446 3104 circumventus,
461 3041 532 3109 fugit
551 3056 585 3089 ex
602 3038 698 3099 Italia,
722 3050 842 3104 purpura
863 3042 977 3097 exutus,
1005 3040 1087 3105 qn'am
1106 3048 1247 3102 nunquam

152 3118 348 3189 recuperavit,
367 3112 414 3165 sed
431 3114 504 3163 inter
523 3110 643 3179 privatos
658 3106 757 3175 degens
773 3104 886 3155 interiit.
923 3104 998 3171 Adeo
1011 3106 1168 3175 inopinatae
1183 3119 1246 3152 mu-

151 3194 280 3245 tationes
300 3196 358 3238 tum
374 3182 505 3258 tcrpporis
523 3178 720 3246 potentissimis
741 3174 850 3242 regibus
869 3173 1033 3225 acciderunt.
1070 3174 1167 3226 Causas
1182 3188 1246 3224 vero

151 3264 259 3315 barum
283 3257 466 3332 mutationum
487 3258 628 3321 quaerant,
653 3247 702 3317 qui
723 3244 876 3295 abditarum
898 3260 987 3295 rerum
1015 3245 1120 3296 occulta
1141 3245 1246 3313 princi-

153 3334 206 3405 pia
236 3330 399 3397 investigare
424 3326 637 3381 consueverunt,
665 3322 693 3367 ct
723 3330 901 3433 (γοοιαιιαροε
923 3314 1062 3368 voluerint
1084 3316 1245 3385 proferant,

151 3402 230 3455 mihi
249 3415 323 3461 vcro,
342 3396 414 3448 unde
437 3393 572 3461 digressus
592 3405 659 3451 sum,
679 3391 721 3436 est
743 3384 848 3435 redeun
868 3400 921 3436 nm.
962 3384 1071 3437 Mortuo
1093 3388 1166 3437 enim
1192 3384 1246 3435 Ca·

150 3473 231 3528 vade
258 3471 355 3539 quinto
376 3481 465 3528 anno,
488 3478 521 3513 ex
538 3478 593 3533 quo
607 3456 772 3510 Iustinianns
792 3456 918 3507 Romanis
935 3456 1094 3522 imperarat,
1112 3456 1246 3511 Chosrotis
1340 3441 1343 3457 ¹

150 3544 221 3603 ille,
233 3537 345 3588 maximi
355 3534 436 3604 ‘apud
454 3550 503 3584 nos
521 3531 651 3594 nominis,
666 3533 811 3595 paternum
833 3527 953 3594 suscepit
964 3528 1124 3596 imperium,
1144 3534 1171 3577 et
1183 3526 1247 3593 piu·

151 3614 246 3666 rimas
267 3607 450 3675 maximasque
477 3620 519 3655 res
539 3602 638 3673 gessit,
658 3611 771 3669 quarum
785 3595 933 3648 nonnullae
952 3614 968 3649 a
986 3597 1114 3664 Procopio
1138 3595 1246 3646 rhetore

152 3684 232 3734 sunt
249 3676 433 3743 conscriptae;
450 3674 574 3744 reliquae
590 3686 653 3723 vero
672 3667 772 3737 partim
787 3667 841 3717 iam
865 3681 881 3715 a
902 3683 946 3719 me
971 3666 1060 3720 dictae
1079 3672 1158 3728 sunt,
1176 3665 1246 3717 aliae

151 3751 365 3815 consequenter
386 3743 519 3796 dicentur.
557 3743 593 3793 Ut
612 3747 703 3791 autem
721 3737 880 3789 continuata
903 3746 1058 3805 temporum
1080 3736 1163 3787 series
1182 3752 1247 3786 cra-

150 3818 287 3873 ctissime
309 3812 486 3876 observetur,
502 3815 533 3866 in
555 3808 711 3881 praesentia
734 3806 866 3859 duntaxat
888 3806 993 3870 dicam,
1019 3803 1094 3877 quod
1137 3822 1165 3857 cr
1184 3813 1245 3859 octo

144 3897 188 3943 et
257 3883 398 3953 adraginta
414 3900 507 3945 annos,
526 3881 627 3953 quibus
644 3878 760 3947 imperio
778 3878 882 3947 potitus
906 3884 966 3939 cst,
992 3876 1086 3929 multis
1126 3884 1246 3929 ecoratns

154 3962 254 4013 fuero
269 3954 409 4016 victoriis,
434 3953 552 4023 talisque
570 3950 694 4009 evaserit,
709 3946 798 4015 qualis
822 3953 885 3997 ante
908 3962 970 3997 eum
992 3964 1025 3997 cx
1048 3947 1185 3997 Persarum
1203 3962 1247 3996 re-

178 4030 248 4080 ibus
269 4040 368 4087 nemo,
385 4023 409 4075 si
430 4039 491 4073 cum
510 4020 623 4088 singulis
639 4031 733 4070 eorum
757 4023 944 4083 comparetu13
959 4032 995 4067 ne
1019 4016 1042 4068 si
1061 4018 1158 4085 Cyrum
1182 4016 1245 4086 qui-

154 4049 232 4150 bem
258 4094 408 4161 Cambysae
428 4093 516 4144 filium
536 4090 637 4160 aliquis
657 4084 856 4147 nominaverit,
884 4093 932 4137 aut
952 4084 1065 4138 Darium
1088 4086 1246 4154 Hystaspis,

160 4166 219 4220 sed
235 4182 327 4239 neque
348 4166 465 4219 Xerxem
484 4163 575 4224 illum,
593 4158 641 4229 qni
659 4166 732 4205 mare
751 4153 843 4223 equis,
867 4162 972 4207 montes
992 4154 1107 4207 navibus
1126 4152 1247 4207 reddidit

155 4235 284 4309 pervios
318 4236 449 4291 Ceterum
459 4232 524 4286 talis
547 4232 688 4282 notantur
709 4238 771 4282 euru
791 4223 888 4301 fuerit,
907 4226 1052 4296 inglorium
1068 4232 1096 4279 et
1116 4226 1246 4279 miseran·
1266 4244 1268 4253 ¹
