3109 4950
430 351 715 421 lits'rottlaltttat
743 362 797 423 tv.
817 368 849 435 9.
1134 363 1215 449 naq

136 508 317 595 συμμαχιλιν
331 508 449 587 atvar,
470 500 715 583 ἀποδεικνύντος
733 506 788 572 καί
800 506 838 572 τό
852 500 981 594 εὔλογον
992 513 1048 599 τῆς
1062 512 1221 597 αἰτήσεως·
1229 516 1296 569 λθ.
1307 518 1356 571 555

135 616 188 677 καί
213 608 316 675 τοίνυν
346 606 536 688 διτεβέλουν
569 603 624 669 καί
647 605 860 673 οἶπεδείκνυον.
892 608 980 691 ὅδὲ,
1007 612 1150 697 καθάπερ
1176 608 1219 688 aig
1231 588 1251 639 Ι.
1261 588 1280 638 1.
1291 607 1326 657 29

134 704 256 795 α’ληθνῖς
281 702 432 791 βασιλεύς
452 729 500 779 τις
527 698 610 768 εἶναι
634 703 870 788 πεπιστευκώς,
905 708 961 773 καί
979 708 1023 786 ὥς
1040 706 1110 789 έξδν
1132 703 1250 797 αδτηῖΒ

134 812 202 872 κατ’
213 805 362 885 ἐξουσίαν
378 805 490 887 βιοῦν,
523 800 795 889 συστρατεύεσθαι
818 808 878 887 μὲν
897 805 975 888 ἡμῖν
991 806 1045 872 ἐπὶ
1064 804 1100 871 τὸ
1120 806 1222 894 φραδ-

117 908 200 993 5ριον
224 900 299 970 οὐδὲ
317 904 415 989 μέχρι
439 902 498 966 τοῦ
526 910 671 997 παρεῖναι
694 905 769 985 γοῦν
790 898 884 985 μόνον
904 905 1056 989 ἠνείχετο.
1092 900 1130 969 οὗ
1156 903 1220 991 μὴν

135 999 209 1069 οὐδὲ
229 1004 363 1088 σκήψεις
378 997 483 1087 τιναςΙΙ
506 1002 536 1066 εἰ
554 995 609 1064 καί
632 1001 799 1087 ἀπρεπεῖς,
829 997 899 1067 ἄλλ’
912 1007 945 1080 ἐς
960 1001 1169 1089 προκέλυμμά
1186 1028 1220 1087 γε

133 1099 218 1187 ὅμως
239 1102 294 1189 τῆς
315 1095 520 1187 ἀναρρήσεως
534 1096 739 1185 εὐπρόσωπον
755 1102 949 1185 ἐμηχανᾶτο·
971 1098 1171 1184 ἆσεπέμπετο
1186 1104 1222 1165 δὲ

131 1200 221 1285 μάλα
257 1202 378 1281 σεμνοῖς
408 1197 464 1263 καί
492 1195 707 1284 σοβαρώτερον
734 1190 755 1284 ἢ
787 1197 867 1263 κατέ
892 1198 1057 1283 μισθωτόν
1088 1196 1222 1284 ὑπήκοον

132 1300 190 1387 τὴν
214 1296 364 1376 ἇξίιοσιν.’
390 1296 445 1363 καί
464 1294 540 1384 πρός
563 1322 597 1380 γε
623 1302 761 1379 νεμεσῶν
785 1301 916 1364 διετέλει
942 1310 1006 1376 τοῖς
1032 1307 1222 1387 στρατηγοῖς,

94 1398 189 1465 ιοκαδ
208 1398 369 1479 δυσμενῶς
382 1399 441 1479 μὲν
457 1398 502 1473 εἰς
514 1394 633 1472 αδτοδς
646 1397 841 1483 δφυβρίζων,
863 1393 968 1483 ὥσπερ
982 1393 1116 1481 ἀνδρίαν
1129 1398 1222 1462 τοῦτο

131 1494 304 1583 ἡγούμενος
311 1548 321 1577 ,
351 1495 405 1559 καί
426 1499 592 1577 βασιλεῦσι
613 1498 740 1581 πρέπον
762 1491 861 1584 ἤγδρ
887 1496 924 1561 τὸ
946 1494 1123 1585 διαρρήδην
1139 1497 1220 1587 ὑπὲρ

131 1599 197 1660 τῶν
209 1588 269 1680 ἤδη
279 1598 534 1677 μεμελετημένων
558 1594 819 1679 οἷναισχυντῆσαι.
837 1590 907 1660 εἶτα
924 1598 1103 1677 διαμέλλειν
1122 1598 1221 1682 ἐχρῆν

133 1698 189 1758 καί
212 1693 357 1776 μειζονας
371 1688 537 1774 ἀναμένειν
550 1696 699 1777 ἐλέγχους
714 1698 769 1761 καί
785 1692 821 1758 τδ
831 1696 992 1781 βασιλειαν
1006 1692 1139 1781 γράμμα
1157 1697 1223 1758 δει-

131 1790 252 1873 κνύειν,
273 1795 326 1878 ἐφ’
346 1782 462 1883 ᾦκατδ
479 1789 515 1857 τδ
533 1794 710 1873 Βυζάντιον
731 1786 981 1879 ἀφικέσθαιτὸν
1001 1797 1084 1881 μηδὲ
1104 1796 1160 1879 τῆς
1176 1795 1251 1863 αι’-(ἶ

92 1890 219 1969 ι5κείας
235 1890 344 1977 χώρας
360 1888 446 1967 ἐντὸς
464 1891 619 1976 βραχεῖάν
639 1916 709 1955 τινα
734 1890 882 1957 διανύσαι
902 1892 1034 1978 πορείαν
1058 1888 1204 1975 ἑλόμενον
1211 1920 1222 1972 5
1302 1942 1308 1952 .

129 1988 186 2054 καί
199 1992 265 2065 πῶς
281 1984 347 2054 οἷόν
363 2014 396 2053 τε
408 1981 457 2075 ἦν,
474 1988 535 2073 εἴγε
559 1992 697 2054 στέλλειν
711 1983 812 2054 αὐτὸν
827 1985 910 2055 οὕτω
926 1991 1130 2073 χαλεπαίνειν
1147 1994 1221 2055 καθ’

129 2088 222 2173 ἡμῶν
237 2090 432 2173 προηγμένον
450 2089 718 2173 έπετηδεύσαμεν,
738 2086 784 2174 μὴ
798 2086 873 2173 οὖχδ
889 2088 1035 2177 ταραχάς
1055 2113 1088 2154 τε
1100 2093 1221 2175 μυρίας

128 2184 187 2251 καί
206 2186 324 2274 φόνους
349 2184 485 2263 πολλοδς
501 2188 680 2274 ἐμφυλίους
702 2186 758 2253 καί
777 2184 1002 2275 μεταχώρησιν
1017 2188 1146 2273 ἐμφανῆ
1167 2186 1224 2252 καὶ

200 2326 227 2379 3.
245 2322 354 2386 έξῆνλλ.
424 2322 451 2374 6.
467 2320 616 2393 eiR.(Cl.),
635 2314 652 2385 εἲ
669 2321 739 2391 vulg.
769 2322 810 2377 eie
820 2324 849 2374 R.
860 2322 932 2391 vulg.
989 2336 1014 2389 η.
1033 2319 1220 2407 ἀπεπέμπετο

199 2389 897 2540 2122.⁶²⁷“²t⁷‘itt5'tttttut..iltt'ttt·
927 2392 1221 2531 militiis&

200 2535 371 2596 ditissimus,
398 2533 433 2586 ad
451 2549 532 2604 quem
550 2529 701 2585 sanandirm
723 2549 814 2602 neque
833 2532 905 2583 liber
922 2531 1144 2601 Rebdigeranus,
1170 2548 1222 2584 ne-

201 2623 257 2678 que
285 2607 421 2674 interpres
441 2605 585 2675 quiequam
603 2605 663 2673 opis
680 2603 918 2682 afferunt3.paulo
935 2603 1034 2654 melius
1052 2601 1225 2672 procederet,

201 2678 226 2728 si
240 2673 296 2746 μέν
312 2684 375 2742 post
394 2673 539 2744 δυσμενῶς
557 2674 703 2728 deleretur.
739 2668 755 2738 ἦ
774 2689 831 2742 γορ
849 2669 882 2724 τὸ
900 2673 1021 2740 positum
1040 2689 1097 2725 esse
1114 2673 1224 2725 videtur

199 2763 254 2816 pro
275 2739 290 2808 ἦ
307 2735 366 2813 γὰρ
384 2743 468 2796 τοῦτο
486 2738 529 2808 ἦν.
574 2763 611 2798 ra.
621 2744 889 2816 μεμελετημένωνλλ.
900 2742 985 2813 Lngd.
1004 2761 1026 2799 r.
1037 2761 1071 2796 m.
1090 2753 1118 2798 et
1136 2744 1223 2812 Intpr.

201 2813 439 2886 praemeditatus,
467 2816 746 2886 πεπλημμελημένιον
761 2814 822 2866 edd
842 2828 876 2865 ex
898 2816 971 2868 coni.
990 2814 1068 2868 Vulc.
1132 2813 1224 2886 ’ἐχρῆν

204 2889 252 2948 a,
267 2887 343 2956 χρῆν
356 2887 428 2956 vulg.
501 2903 539 2956 ¹7·
553 2887 742 2956 προηγμένων
757 2884 816 2952 sph.
831 2885 887 2936 Par·
954 2886 995 2938 18.
1003 2887 1114 2945 πόνους
1124 2888 1154 2942 lt

129 3013 194 3060 erat
221 3005 279 3058 dux
305 3009 441 3072 nationis,
460 3017 488 3062 et
505 3011 638 3064 auxilium
659 3009 694 3061 ab
722 3026 755 3062 eo
776 3007 959 3078 poscendum,
992 3007 1132 3078 acquitate
1151 3001 1224 3072 peti-

129 3078 218 3130 tionis
240 3079 267 3142 ei
290 3076 480 3132 demonstrata.
518 3083 655 3152 Rogarunt
678 3081 772 3150 itaque
788 3088 817 3131 et
839 3077 1068 3129 demonstrarunt.
1104 3074 1155 3125 Ille
1177 3089 1225 3123 ve-

130 3167 179 3212 ro,
207 3147 296 3200 veluti
320 3167 409 3219 regem
428 3151 563 3221 quendam
584 3168 612 3202 se
637 3167 730 3202 revera
750 3166 809 3201 esse
832 3148 886 3199 sibi
909 3145 1098 3216 persuadens,
1124 3151 1152 3193 et
1173 3158 1225 3209 pe-

129 3217 211 3270 rinde
232 3221 305 3271 acsi
331 3221 384 3290 ipsi
405 3222 513 3273 licitum
533 3230 605 3272 esset
627 3238 676 3291 pro
700 3237 752 3271 suo
777 3217 909 3269 arbitratu
933 3217 1046 3277 vivere,
1071 3229 1106 3264 ne
1131 3210 1224 3262 adesse

131 3289 248 3358 quidem
276 3291 373 3353 nobis,
401 3292 503 3344 nedum
526 3290 651 3344 adversus
676 3288 873 3359 propugnaculi
894 3287 969 3336 illius
997 3283 1225 3356 expuguationem

129 3361 224 3428 copias
248 3377 308 3411 suas
334 3363 498 3432 coniungere
521 3361 615 3412 voluit.
653 3359 706 3411 Sed
727 3375 818 3430 neque
840 3359 1030 3408 excusationes
1048 3350 1160 3424 quidem
1178 3351 1225 3402 ul-

127 3431 190 3492 las,
217 3432 326 3482 etiamsi
350 3449 447 3500 parum
471 3431 582 3483 idoneas
609 3447 639 3482 ae
665 3429 798 3492 decoras,
823 3429 976 3497 speciosum
993 3434 1086 3477 tamen
1106 3423 1226 3492 aliquem

87 3515 94 3534 ⁸
128 3501 314 3552 recusationis
342 3519 406 3554 suae
430 3511 600 3571 praetextum
620 3497 771 3562 habentes,
799 3497 1074 3562 comminiscebatur3
1100 3491 1149 3545 sed
1173 3509 1225 3560 po-

125 3571 186 3623 tius
217 3569 335 3636 graviter
365 3571 510 3624 fastuosius
532 3590 565 3624 ue
595 3588 676 3641 quam
712 3569 909 3636 mercenarium
940 3567 1079 3620 subditum
1112 3561 1227 3615 decebat

124 3641 275 3710 postulata
302 3641 452 3694 reiiciebat.
488 3591 598 3694 adhaec
621 3641 651 3693 in
675 3658 723 3692 suo
749 3641 876 3692 adversus
896 3639 1048 3710 praefectos
1077 3633 1140 3686 odio
1162 3649 1226 3700 per-

127 3712 251 3768 sistens,
270 3705 408 3761 hostiliter
424 3714 454 3762 iu
473 3713 545 3779 ipsos
565 3719 624 3764 erat
642 3711 876 3775 contumeliosus3
907 3707 1100 3760 fortitudinem
1118 3702 1147 3754 id
1167 3719 1225 3754 esse

127 3792 270 3850 regesque
295 3776 411 3842 decere,
438 3799 556 3834 censens.
598 3782 715 3834 Dicebat
744 3783 817 3834 euim
841 3788 943 3849 aperte,
961 3795 1007 3830 eos
1031 3780 1060 3829 iu
1088 3777 1138 3836 iis,
1155 3791 1225 3842 quae

129 3854 187 3901 iarn
215 3855 341 3897 accurate
364 3857 477 3902 tractata
500 3860 597 3914 eraut,
622 3852 797 3922 impudenter
817 3869 845 3902 se
876 3851 996 3920 gessisse.
1042 3849 1141 3898 Eratue
1167 3851 1225 3894 turn

129 3921 243 3973 diutius
264 3918 460 3980 cunctandum,
478 3931 524 3972 aut
545 3924 657 3974 maiores
677 3923 853 3992 probationes
870 3917 1083 3989 exspectandae,
1107 3922 1154 3965 aut
1171 3915 1227 3963 lru·

127 3990 290 4060 peratoriae
306 3989 413 4039 litterae
428 3991 620 4052 ostendendae,
637 3992 735 4060 quibus
752 3991 931 4044 mandabatur
946 3998 977 4040 ut
985 3988 1140 4055 Byzantium
1162 3986 1224 4042 iret,
1308 4045 1314 4058 Ι

130 4077 198 4112 cum
228 4075 262 4131 ne
283 4059 326 4111 'ad
356 4059 544 4110 brevissimum
573 4060 684 4130 quidem
705 4063 757 4112 iter
787 4065 858 4112 iutra
883 4067 1003 4113 nostram
1030 4057 1168 4126 regionem
1196 4070 1225 4104 se

130 4131 279 4198 accingere
299 4130 409 4182 vellet?
445 4129 479 4180 Et
500 4147 554 4200 quo
575 4139 654 4196 paeto
678 4130 737 4181 fieri
755 4138 882 4198 poterat,
907 4131 930 4180 si
952 4130 1031 4180 illum
1051 4123 1241 4198 usqueadeo.

130 4198 220 4249 nobis
237 4201 373 4252 insensum
391 4201 551 4268 Byzantium
570 4200 678 4252 mittere
698 4201 814 4268 aggressi
836 4199 994 4260 fuissemus,
1020 4200 1089 4270 quin
1104 4192 1225 4246 infinitas

132 4267 234 4321 turbas
253 4271 407 4343 multasque
430 4270 526 4324 caeder
542 4270 687 4324 intestinas
706 4269 935 4333 concitassemus,
957 4271 1025 4340 quin
1041 4269 1124 4320 etiam
1147 4273 1226 4328 sper·
