3109 4950
269 274 351 362 252
701 299 913 368 AGl'rttttt
958 317 964 326 ’

133 470 313 528 luttere
332 449 417 544 αότῷ
436 455 635 542 ποραδιδωοι
655 451 714 538 την
734 453 860 539 ἀρχὴν,
894 453 948 518 καί
966 444 1062 524 αὖθις
1082 449 1115 524 ἒς
1135 445 1283 532 Κόλχους
1304 450 1357 514 διι-

164 542 391 638 “intono
410 564 475 632 τοϊς
495 556 608 641 ἑφεξῆς
628 549 852 640 όρμοσόμενον.
893 546 933 637 ἦν
953 553 988 616 δέ
1007 574 1055 624 τις
1076 550 1109 614 ἐν
1128 549 1171 635 τῷ
1191 547 1273 632 ἄμφ’
1293 547 1356 612 αό-

270 651 326 719 τόν
353 650 452 743 όμιληι
485 650 632 736 Ἰωόννης
675 643 792 733 όνομα,
834 651 941 733 Λίβυς
961 646 1062 733 ἀνὴρ,
1092 640 1219 732 όφανῆς
1236 648 1295 726 μὲν
1313 642 1353 710 τό

269 755 381 838 πρῶτα
396 750 453 816 καό
463 746 704 836 πενιχρότατος,
723 749 767 826 ὥς
782 751 838 814 καί
856 751 915 812 soti
931 747 1048 834 ἀποζῇν
1064 747 1152 810 ἓνεκα
1167 749 1355 828 μισθαρνεῖν

240 846 368 937 Βὲτέριρ
384 874 427 938 την
451 848 507 914 καὶ
525 849 714 929 ξυνέπεσθαι
731 850 795 913 τῶν
814 845 1080 932 δορυφόρων.καί
1106 839 1161 918 τός
1180 845 1241 908 τῶν
1253 845 1372 925 ‚ispa-5

271 946 395 1013 πόντων
414 950 538 1032 στέγειν
557 946 683 1029 όδόνας,
704 949 742 1012 ου’
752 949 856 1034 πολλῷ
869 947 905 1010 δὲ
917 939 1049 1030 όστερον
1061 941 1203 1026 δπίμόγοι
1216 941 1353 1004 πλούτου

270 1071 306 1113 τε
325 1046 381 1111 καλ
400 1042 588 1126 ἀλαζονείας
601 1050 743 1134 ἠρμένος.
780 1054 907 1112 πλεῖστα
923 1041 983 1130 γὰρ
1003 1037 1063 1108 όοα
1081 1042 1352 1126 μηχανησάμενος,

190 1147 331 1232 ληνοὶ
353 1143 407 1211 διό
422 1149 567 1232 ποικίλης
583 1144 735 1232 χωρήσας
749 1144 881 1226 ἐννοίας,
901 1142 1087 1228 γνωριζεται
1106 1140 1163 1204 osis
1182 1141 1215 1216 ἐς
1226 1135 1353 1222 μακρόν

270 1249 316 1333 τῷ
334 1239 503 1334 Ἰονστιλιιγ,
521 1244 665 1322 κάκιστος
681 1247 716 1312 δὲ
732 1239 776 1310 uis
803 1246 858 1310 καί
870 1241 1124 1328 πανουργότατος,
1142 1237 1198 1304 καί
1214 1233 1278 1316 οἷος
1301 1229 1353 1301 αό-

267 1342 440 1420 δὲνότιοόν
457 1349 520 1410 τῶν
539 1344 659 1410 οἷδόκων
674 1368 711 1409 τε
729 1341 786 1409 καὶ
809 1340 944 1408 οἷνοσόων
967 1335 1199 1426 ἐγχειρημάτων
1221 1337 1392 1421 κέρδουςιο

264 1445 353 1510 ἕκατι
378 1443 620 1525 όπαναόνεσδαι,
631 1444 726 1531 ῥητόν
737 1468 769 1508 τι
781 1445 897 1528 μέτρον
910 1442 1036 1528 χροσοό
1053 1439 1139 1504 αἰτεῖ
1152 1433 1207 1501 τόν
1220 1459 1353 1520 στρατη-

267 1539 331 1625 γόν,
353 1537 523 1625 όμολογῶν,
544 1543 574 1607 εἶ
595 1541 770 1625 πομόσοιτο,
792 1542 879 1629 αὐτῷ
899 1565 933 1604 τε
950 1541 992 1627 τῷ
1003 1535 1201 1624 παρασχόντι
1226 1537 1260 1610 ἐς
1280 1529 1352 1598 όσον

220 1659 223 1665 “
265 1633 306 1704 όν
331 1642 433 1705 ἕλοιτο
446 1638 563 1725 χρόνον
587 1637 628 1706 τό
654 1640 816 1726 ἐπιτήδεια
839 1635 1026 1727 προσφόρως
1046 1639 1277 1722 ἐκποριεῖοδαι,
1299 1635 1355 1697 καὶ

268 1740 349 1825 πρός
359 1763 395 1823 γε
409 1737 526 1805 όπόσον
547 1741 652 1826 παρῆν
666 1737 799 1826 θητικόν
820 1764 855 1806 τε
876 1739 931 1806 καί
950 1741 1078 1819 δοῦλον,
1108 1735 1164 1800 καὶ
1180 1730 1247 1800 ὅσοι
1262 1725 1351 1797 όλλοι

172 1851 198 1902 Ρ.
206 1848 257 1908 1³1
267 1831 387 1902 ὄπαδοί
403 1862 439 1902 τε
464 1839 520 1902 καί
540 1837 696 1925 όπηρδεαι
721 1841 776 1904 καὶ
803 1836 987 1926 δορυφόροι,
1013 1834 1092 1902 ἄλλό
1109 1833 1165 1900 καὶ
1180 1831 1292 1900 τοόσδε
1313 1829 1388 1898 δι’-[5

266 1958 387 2011 παντως
403 1937 461 2020 τῆς
474 1935 692 2023 προοηιιοόσης
706 1941 826 2025 τροφῆς
839 1936 1042 2020 ἐμπιπλάναι.
1079 1937 1182 2001 ταῦτα
1201 1935 1237 1998 δὲ
1249 1931 1350 2020 πρότ-

266 2059 331 2100 των
357 2035 559 2119 ἐπηγγέλλετο
585 2031 623 2100 oti
644 2034 742 2119 μόνον
769 2037 948 2102 οἷποστόσειν
972 2033 1008 2102 τό
1031 2034 1164 2121 χρυσίον
1188 2028 1273 2098 ἅπαν
1296 2035 1352 2096 κατ’

267 2133 486 2200 encaustum
503 2132 620 2202 όπόοον
634 2130 673 2200 όν
695 2135 807 2219 λάβοι,
826 2137 943 2212 ἐντελὲς
970 2133 1025 2201 καὶ
1049 2133 1225 2219 α’λοόβητον,
1243 2127 1348 2218 οἵσπερ

266 2232 560 2317 ε’κδεδανεισμένον,
578 2232 660 2300 oillei
675 2233 736 2322 γὰρ
755 2234 812 2300 καὶ
832 2240 935 2322 ἕτερον
952 2235 1216 2321 προσεπιδοῦναι.
1237 2233 1294 2297 καί
1314 2235 1347 2298 s'-

267 2328 353 2395 δόκει
368 2337 429 2414 μὲν
443 2344 510 2410 τοϊς
527 2340 654 2411 πολλοῖς
668 2332 787 2417 κόμπος
808 2330 889 2400 εἶναι
902 2332 959 2400 καὶ
965 2327 1036 2411 Ιὀἷον
1056 2330 1184 2417 αἴνιγμα
1204 2333 1241 2396 τό
1265 2334 1390 2419 εἴρητο

264 2427 409 2512 μένον-ό
436 2435 473 2502 δὲ
489 2434 671 2518 Ἰουστῖνος,
697 2433 799 2501 καίτοι
813 2435 885 2501 δέον
910 2430 1007 2501 οότόν
1036 2435 1206 2517 νεμεσῆσαι
1226 2435 1265 2519 τῇ
1294 2435 1350 2515 τοῦ

336 2618 364 2654 2.
383 2618 419 2665 ην
431 2599 465 2652 δέ
474 2617 523 2658 τις.
543 2600 618 2653 Ηοοο
632 2600 724 2653 omnia
740 2614 827 2671 usque
845 2599 880 2653 ad
894 2598 1073 2671 ἐπιχειρητέα
1087 2612 1112 2671 p.
1131 2600 1191 2656 255.
1209 2598 1250 2652 ed.
1263 2600 1347 2653 Bonn.

332 2674 477 2726 παλαια.
496 2673 582 2741 lntpr.
627 2666 779 2759 3.δνηρόν
798 2674 827 2723 Β.
880 2670 1085 2743 mittoque&
1159 2690 1196 2723 rr.
1214 2672 1302 2741 μέρος
1318 2673 1349 2726 R.

337 2742 377 2797 13.
393 2740 478 2804 δληον
494 2743 521 2791 lt.
578 2760 616 2812 ¹7·
636 2740 802 2795 δποσωσειν
816 2740 974 2811 mettugtt
993 2760 1013 2794 ι.
1032 2759 1078 2804 m,
1094 2738 1257 2795 ἀποδώσειν
1279 2740 1347 2810 vulg.

339 2828 373 2862 ex
386 2828 454 2862 corr.
481 2809 565 2877 tage
639 2813 680 2869 18.
702 2808 1065 2869 δντικαταθεῑναιοοοί.(ἶλ.
1114 2810 1183 2879 λελβη
1200 2812 1228 2863 ll.

269 2960 369 3003 turum.
404 2950 470 3003 Erat
487 2954 578 3001 autem
596 2949 707 3019 quidam
724 2952 755 3002 in
772 2950 852 3002 turba
872 2951 960 3020 ipsum
979 2957 1118 3019 sequente,
1136 2937 1250 3003 loitres
1261 2952 1350 3003 nomi·

199 3043 205 3055 ·
267 3039 318 3084 ne,
335 3020 417 3083 Aser,
442 3020 485 3071 vir
501 3019 632 3071 obtentus
650 3020 762 3091 quidem
776 3021 857 3072 initio
875 3028 903 3073 ct
925 3022 1129 3089 pauperrimus,
1158 3021 1226 3071 adeo
1249 3027 1279 3071 ut
1307 3021 1348 3071 vi-

267 3101 326 3144 ctus
344 3089 493 3162 quaerendi
505 3106 584 3142 cause
596 3092 675 3143 alteri
693 3093 812 3161 cuipiam
837 3092 1027 3143 mercenariam
1051 3108 1126 3142 suam
1150 3108 1259 3159 operam
1276 3091 1351 3141 locu-

267 3170 324 3223 rut,
354 3168 384 3212 et
410 3160 541 3213 satellites
570 3170 735 3224 sectaretur,
761 3170 790 3213 et
806 3162 991 3214 ministrorum
1013 3160 1119 3213 labores
1149 3160 1267 3224 subiret,
1292 3178 1348 3211 non

267 3233 355 3283 multo
372 3240 463 3283 autem
481 3233 595 3300 posted
612 3249 727 3285 summas
745 3249 811 3301 opes
830 3241 858 3285 et
879 3232 978 3283 fastum
997 3231 1091 3288 clatus,
1132 3232 1348 3301 Quamplurimas

266 3304 342 3355 enim
359 3302 470 3354 technas
487 3312 692 3373 commentaque
720 3320 781 3354 cum
800 3303 988 3372 excogitasset,
1021 3304 1169 3355 innotescit
1186 3302 1261 3354 brevi
1286 3308 1349 3370 post

265 3380 391 3441 tompore
410 3371 531 3435 Iustino,
550 3374 730 3444 nequissimus
746 3372 852 3443 alioqui
870 3374 988 3425 existens
1007 3376 1036 3423 et
1051 3374 1265 3435 versutissimus,
1283 3372 1348 3442 qui·
1378 3366 1381 3373 ⁴

267 3460 323 3513 que
341 3442 447 3495 nullum
464 3442 545 3510 plane
563 3443 691 3515 iniquum
707 3442 917 3515 improbamque
935 3444 1035 3495 sactum
1056 3452 1183 3565 quaestus
1203 3460 1282 3495 causa
1303 3459 1347 3493 re-

268 3520 382 3565 cusaret.
418 3513 444 3564 Is
461 3522 562 3565 certam
581 3514 717 3583 quandam
735 3514 795 3565 auri
813 3530 942 3565 summam
960 3531 975 3565 a
992 3529 1056 3580 prae
1071 3524 1129 3567 ecto
1147 3514 1235 3583 petit,
1264 3530 1346 3581 spon-

266 3583 345 3647 dens,
363 3584 388 3635 si
405 3598 463 3635 eam
482 3583 610 3647 auferret,
625 3592 655 3637 et
666 3586 730 3654 ipsi,
745 3585 793 3656 qui
812 3601 871 3635 eam
890 3582 975 3647 daret,
990 3585 1020 3635 in
1039 3593 1171 3654 quantum
1185 3584 1270 3639 vellet
1279 3591 1347 3634 tcm-

266 3670 318 3723 pus
349 3661 524 3706 commentum
551 3653 692 3709 commode
715 3652 970 3725 suppeditaturum,
996 3661 1024 3707 et
1046 3664 1186 3724 praeterea
1211 3654 1348 3725 quidquid

265 3724 321 3791 ipsi
332 3724 425 3777 aderat
439 3724 602 3777 famulorum
611 3734 640 3777 et
649 3740 795 3787 servorum,
813 3732 949 3795 quotquot
966 3726 1047 3777 etiam
1068 3735 1145 3778 crant
1171 3726 1310 3777 domestici
1319 3735 1348 3776 ct

266 3794 386 3845 ministri
404 3813 435 3847 ac
452 3796 604 3858 satellites,
629 3812 723 3847 omnes
740 3794 792 3848 hos
810 3797 962 3847 necessario
986 3797 1059 3847 victu
1088 3796 1261 3865 repleturum.
1297 3794 1346 3845 At-

267 3879 324 3932 que
349 3863 418 3915 haee
434 3866 544 3936 quidem
564 3865 666 3919 faciens
684 3865 876 3933 promittebat,
895 3882 924 3917 sc
941 3884 997 3919 non
1016 3866 1103 3919 solum
1124 3884 1218 3925 aurum
1239 3866 1346 3918 univcr-

267 3950 328 3984 sum
345 3934 525 4001 redditurum,
545 3944 574 3988 et
592 3938 785 4005 repositurum,
805 3944 937 4007 quantum
961 3937 1117 4005 accepisset,
1145 3937 1281 4005 integrum
1297 3954 1346 3986 nc-

268 4020 323 4073 que
351 4004 533 4069 imminutum,
551 4015 582 4058 ut
606 4015 701 4059 mutuo
719 4006 823 4071 datum,
850 4007 897 4059 scd
922 4015 950 4059 et
968 4005 1045 4059 aliud
1062 4024 1157 4059 usurae
1176 4008 1286 4071 nomine
1300 4024 1346 4056 su—

267 4072 480 4143 peradditurum.
516 4078 551 4129 Et
568 4077 711 4131 videbatur
726 4079 838 4149 quidem
858 4078 951 4130 multis
974 4078 1062 4133 inanis
1084 4076 1217 4148 quaedam
1237 4078 1343 4129 iactan-

268 4145 309 4195 tis
337 4153 366 4197 et
392 4145 539 4214 aenigmati
565 4148 647 4200 altine
673 4150 794 4201 dictum:
838 4151 957 4213 Iustinus
986 4165 1067 4211 vero,
1092 4165 1153 4200 cum
1180 4148 1345 4217 oportuisset

269 4214 533 4280 cannameles
556 4216 631 4278 illius
648 4218 775 4296 ineptiis,
802 4222 941 4285 scientem,
961 4218 1048 4298 quod,
1059 4219 1190 4294 premissa
1208 4225 1346 4301 peresum.
