3109 4950
306 253 391 340 236
594 292 596 299 ·
752 276 963 348 auam-uun

78 418 84 428 ’
156 450 192 504 Α.
206 448 234 502 c.
246 433 340 504 tacui
360 431 486 521 άτρεκές
500 430 771 517 όποτσπήσαντες,
806 429 875 517 άμα
889 436 924 498 δέ
948 431 1063 520 καὶτῷ
1087 425 1228 522 άδοκῆτιγ
1251 457 1392 498 καταπε-

198 522 490 619 librabuntur,
511 527 692 614 άμόνεσθαι
711 533 770 613 μέν
788 528 901 618 ἥκιστα
919 534 1107 614 διενοοῦντο,
1129 530 1256 620 φεόγειν
1273 535 1308 597 δέ
1329 534 1392 598 αό-

301 641 367 707 τοῖς
386 627 423 696 οό
437 629 525 715 μάλα
545 631 617 714 ἔξῆν
634 632 678 718 τῷ
694 633 814 719 θριγκῷ
831 633 1074 716 περιεχομένοις.
1105 626 1136 693 ui
1148 633 1212 711 μέν.
1225 623 1282 696 σόν
1297 623 1391 696 ditos

302 727 436 806 άπαντες
461 728 563 814 χόδην
589 728 691 792 αὐτοῦ
715 727 947 814 διεφθάρησαν,
977 727 1069 809 μόνοι
1098 729 1134 793 δὲ
1156 727 1390 813 τεσσαράκοντα

302 821 420 914 ἄνδρες
428 827 615 913 παραλόγως
635 824 852 907 διαλαθόντες,
875 828 929 890 καί
944 827 998 892 ἐπί
1013 823 1087 901 τούς
1104 828 1232 910 τοίχους
1252 821 1414 912 inopiis-5

300 926 454 1012 χάμενοι,
488 921 554 992 εἶτα
574 923 629 990 έπό
653 924 773 1012 θάτερα
796 918 1021 1006 διεκπεσόντες,
1058 921 1119 989 aiud
1138 923 1173 990 τό
1201 926 1311 990 λάσιον
1334 927 1391 1010 τῆς

271 1029 454 1111 ὓέχομένης
471 1023 660 1111 ἐκρύπτοντο
676 1019 760 1109 όλης.
777 1025 858 1110 πλην
870 1018 950 1088 άλλά
964 1027 1020 1088 καί
1034 1022 1164 1099 τούτους
1180 1021 1208 1088 οἱ
1230 1021 1391 1104 Ῥωμαῖοι

305 1121 484 1209 άνιχνεόειν
500 1125 677 1211 ἐπειρῶντο.
704 1121 825 1190 coricum
840 1125 875 1189 δέ
897 1131 962 1200 τοῖς
977 1123 1124 1208 Πέρσαις
1140 1118 1389 1208 άπηγγελμένων,

303 1221 418 1289 αότίκα
446 1225 511 1308 οῗγε
533 1223 604 1301 όλας
622 1223 742 1288 ἱππέων
758 1225 937 1289 στέλλουσιν
956 1225 1005 1287 ἐπ’
1020 1217 1133 1298 αόυοός
1150 1224 1183 1298 ές
1203 1224 1390 1306 δισμυρίους

306 1317 423 1410 ἄνδρας
445 1325 724 1407 συντεταγμένους.
745 1319 774 1386 oi
793 1323 828 1388 δὲ
853 1321 1030 1404 Ῥωμαῖοι,
1051 1319 1188 1398 εἴξαντες
1213 1323 1257 1408 τῷ
1276 1318 1433 1404 πληθειισ

306 1421 362 1486 καί
385 1419 489 1508 ὥσπερ
509 1417 696 1508 άραοόμενοι
715 1423 759 1510 τῷ
776 1423 967 1510 γεγενημένῳ
978 1472 988 1502 ,
1024 1417 1210 1506 ἀπεχώρουν
1232 1421 1390 1502 δρομαῖον,

305 1524 362 1585 καί
377 1514 476 1597 αὖθις
490 1523 523 1596 ές
536 1518 571 1585 τό
590 1522 743 1608 πρότερον
762 1518 914 1607 φροόριον
927 1517 1155 1606 ἐσδραμόντες,
1176 1521 1209 1583 έν
1222 1519 1265 1606 τῷ
1285 1512 1390 1602 άσιγαὲ

303 1627 357 1684 les*
371 1623 579 1702 καθισταντο,
610 1621 655 1708 τῷ
677 1622 739 1702 μὲν
768 1619 946 1704 πραχθέντι
976 1621 1265 1704 μεγαλουχοόντες,
1294 1616 1390 1682 ἀνιά-

303 1743 396 1800 μενοι
404 1722 440 1783 δὲ
458 1715 556 1800 μόνον
568 1717 622 1782 ε’τιό
630 1716 811 1806 Μαξεντάρ·
832 1715 1004 1801 ε’τόγχαι-ἐν
1019 1715 1078 1804 γάρ
1090 1720 1153 1782 τάν
1168 1714 1230 1782 α’νά
1240 1716 1296 1802 την
1310 1713 1388 1802 άλην

266 1844 273 1861 ·
305 1817 481 1882 διαδόντων
494 1815 666 1904 βαρβάρων
676 1813 737 1882 ὑπό
746 1841 802 1882 του
816 1816 987 1899 βιαιότατα
1001 1813 1252 1902 responsionum
1264 1816 1320 1881 καί
1330 1822 1430 1903 qiu-15

306 1917 405 2000 ράδην
421 1915 535 1999 άχθείς
552 1917 607 1980 ἐπί
620 1917 725 2000 κλίνης
742 1923 883 2002 κρεῖττον
897 1911 1020 2000 ἁπάσης
1032 1915 1156 1992 ἐλπίδος
1172 1917 1388 2000 ἀποσωθῆναι.

210 2036 238 2088 Ρ,
248 2009 413 2098 minandi}
429 2012 489 2100 γάρ
509 2015 669 2100 ἐβέβλητο,
690 2008 801 2079 αότίκα
814 2014 844 2078 οἱ
866 2013 981 2080 όπαδοί
994 2000 1148 2101 άράμενοι
1162 2007 1260 2080 αὖτόν
1270 2007 1388 2105 ᾤχοντο

302 2111 383 2195 μετά
396 2113 522 2194 τάχους,
539 2116 613 2199 πρίν
626 2107 768 2187 ἅπαντας
778 2115 921 2177 ἐπελθεῖν
932 2111 1008 2188 τούς
1021 2115 1196 2194 πολεμίους.
1209 2113 1253 2188 ιός
1269 2116 1304 2178 δέ
1316 2105 1389 2198 ἧκον

260 2284 263 2288 Δ
304 2209 360 2276 καί
369 2213 567 2298 ἐπεφέροντο,
584 2209 652 2276 τότε
666 2209 703 2296 δη
725 2212 754 2275 oi
767 2204 856 2300 άλλοι
868 2212 1027 2293 Ῥωμαῖοι
1040 2215 1092 2297 ἐφ’
1101 2209 1212 2298 ἑτέραν
1232 2209 1303 2277 τινά
1313 2210 1388 2300 ped-

302 2333 409 2394 γοντες
418 2309 563 2398 πορείαν,
575 2308 631 2374 καί
637 2307 717 2374 κατά
727 2313 816 2396 σφῶν
827 2307 901 2386 τοός
911 2306 1079 2384 διώκοντας
1094 2307 1311 2391 ἐπισπώμενοι,
1322 2308 1427 2391 χιό-νο

302 2433 364 2497 ραν
378 2409 540 2497 παρέσχον
550 2407 656 2497 έκείνιρ
668 2409 896 2496 ἐντρῖέρόματι
911 2409 1117 2495 σχολαίτερον
1131 2408 1386 2493 άποκομισθῆνοι.

389 2508 434 2572 ιε’.
471 2503 521 2571 Ἔν
544 2506 644 2593 τούτῳ
670 2510 706 2570 δὲ
728 2507 896 2580 Ἰουστῖνος
919 2504 937 2568 ό
959 2508 991 2571 Γ
988 2509 1127 2590 ερμανοῦ
1152 2510 1207 2572 ἕνα
1225 2510 1288 2570 τάν
1308 2506 1388 2592 ἀμφ’

269 2666 275 2682 ,
303 2599 402 2672 ου’τόν
424 2608 605 2691 ταξιάρχων
626 2597 730 2691 ἄνδρα
747 2599 869 2669 Οόννον
886 2600 922 2669 τό
941 2606 1047 2689 γένος,
1074 2600 1257 2693 Ἐλμινζοόρ
1279 2597 1385 2687 όνομιι,

377 2742 418 2777 ra.
435 2722 523 2795 ελσδρ.
542 2725 612 2795 vulg.
687 2725 725 2778 15.
745 2720 856 2777 δόντων
872 2724 901 2776 li.
986 2726 1025 2779 16.
1045 2726 1209 2791 σωθῆναιΒ.

305 2870 371 2915 nato
387 2861 428 2912 rei
443 2861 577 2931 perculsi,
595 2878 646 2913 nec
660 2859 695 2912 de
713 2859 818 2912 tuendo
831 2876 860 2912 se
871 2859 1013 2915 admodum
1031 2862 1199 2932 cogitabant,
1217 2878 1306 2933 neque
1322 2864 1388 2915 eliu-

302 2934 347 3001 gio
364 2932 440 2983 locus
452 2930 582 3000 patebat,
609 2930 684 3002 quod
703 2949 779 2982 muro
811 2940 902 2984 essent
927 2934 1130 2987 circumvallati.
1178 2932 1222 2987 lbi
1254 2950 1315 3003 ergo
1343 2932 1389 2985 alii

301 3018 395 3055 omnes
407 3002 506 3071 passim
516 3003 586 3053 caesi
603 3009 675 3064 sunt,
695 3002 748 3053 soli
761 3018 825 3057 vero
848 3002 900 3053 XL.
925 3005 978 3055 viri
990 3020 1052 3055 uum
1067 3004 1181 3057 mirifice
1202 3005 1326 3056 manibus
1361 3019 1389 3053 e-

302 3072 439 3143 dibusqne
452 3074 482 3125 in
498 3088 632 3125 summum
646 3090 752 3123 murum
767 3072 1007 3137 conscendissent,
1024 3074 1053 3125 in
1069 3074 1202 3127 diversam
1213 3083 1319 3144 partem
1340 3020 1388 3122 iic-

302 3143 389 3211 lapsi,
406 3144 437 3194 in
455 3142 595 3211 proximae
609 3144 692 3195 silvae
714 3142 851 3196 densitate
870 3142 1054 3208 delituerunt3
1079 3162 1146 3214 qnos
1170 3153 1261 3196 tamen
1277 3140 1388 3195 Romani

303 3213 465 3282 investigare
481 3230 537 3265 non
551 3212 723 3266 destiterunt
758 3212 831 3265 Haec
846 3212 1009 3285 simulatque
1028 3215 1114 3283 Persis
1128 3212 1389 3275 fueruntnuntiata,

304 3283 449 3335 confestim
466 3283 510 3334 illi
523 3291 627 3339 turmas·
641 3283 765 3355 equitum
774 3284 805 3334 in
818 3294 868 3334 eos
882 3285 1011 3346 mittunt,
1031 3282 1084 3335 duo
1099 3285 1219 3337 virorum
1229 3284 1317 3337 millia
1332 3283 1389 3333 acie

294 3353 375 3421 'benc
386 3356 526 3405 instructa.
553 3356 667 3406 Romani
681 3370 754 3416 vero,
778 3352 906 3405 cedentes
928 3354 1100 3405 multitudini
1123 3356 1249 3407 etveluti
1270 3353 1391 3405 contenti

302 3424 453 3494 praeterito
483 3422 621 3486 facinore,
650 3426 750 3475 cursim
777 3439 837 3474 sese
859 3432 1021 3492 receperunt
1045 3431 1073 3475 et
1099 3425 1130 3477 in
1151 3425 1390 3495 propugnaculum,

303 3494 378 3549 unde
392 3502 531 3555 venerant,
545 3495 711 3563 refugientes
727 3496 757 3544 in
769 3500 830 3545 tuto
850 3508 879 3545 se
894 3494 1106 3559 continuerunt3
1125 3496 1263 3565 praeclaro
1282 3492 1392 3565 quidem

304 3564 378 3618 facto
389 3561 577 3634 gloriabundi,
596 3563 730 3616 Maxentii
752 3570 859 3614 tanturn
880 3564 967 3614 vicem
989 3563 1121 3616 dolentes.
1156 3565 1220 3617 Erat
1245 3566 1318 3617 euim
1333 3564 1357 3615 is
1376 3580 1409 3625 a,

306 3633 425 3704 quodam
439 3633 623 3697 barbarorum,
658 3632 688 3683 ui
710 3633 739 3683 in
755 3633 851 3683 silvam
865 3648 893 3684 se
909 3631 1078 3697 abdiderant,
1102 3636 1256 3703 gravissime
1266 3636 1390 3687 vulnera·

305 3712 371 3766 tus,
394 3704 463 3756 adeo
477 3711 509 3755 ut
521 3704 618 3756 lectica
631 3651 718 3756 cintus
736 3710 845 3771 praeter
866 3718 973 3754 omnem
987 3719 1061 3771 spem
1075 3714 1194 3757 servatus
1214 3707 1304 3758 luerit.
1333 3703 1391 3755 Sta·

306 3774 360 3825 tim
375 3775 447 3826 enim
461 3781 544 3844 atque
561 3776 629 3827 ictus
645 3774 742 3834 suerat,
758 3772 902 3823 confestim
922 3775 1048 3836 asseclae,
1064 3791 1097 3827 eo
1113 3776 1232 3839 sublato,
1250 3773 1399 3846 quamsi-¹

305 3842 413 3895 tissime
437 3861 466 3895 se
486 3844 551 3896 inde
575 3846 770 3913 abripuerunt,
802 3842 960 3911 priusquam
989 3844 1110 3896 universi
1133 3846 1224 3897 hostes
1248 3848 1388 3898 irruerent.
1412 3885 1420 3911 ,

307 3914 377 3967 Cum
402 3929 466 3963 vero
497 3916 624 3967 venirent
651 3916 838 3983 Mpetumqne
862 3912 997 3974 facerent,
1038 3923 1096 3965 tum
1114 3917 1229 3969 Romani
1249 3915 1283 3970 ad
1310 3910 1392 3968 'aliam

308 3981 444 4055 quandam
456 3984 525 4034 viam
542 3985 687 4056 fugientes,
710 3990 738 4034 et
751 3982 781 4033 in
800 3999 828 4033 se
844 3998 898 4045 eos,
917 3984 965 4053 qui
978 3984 1200 4054 insequebantur,
1219 3984 1393 4047 attrahentes,

307 4055 399 4107 locum
415 4052 458 4103 illi
469 4051 590 4115 dabant,
606 4064 638 4108 ut
655 4070 733 4123 aegre
748 4051 859 4104 tandem
875 4054 904 4105 in
921 4057 1153 4124 propugnaculum
1166 4055 1324 4108 deferretur.

382 4123 419 4175 15.
455 4123 563 4173 lntcrea
574 4126 693 4176 lustinus
706 4124 835 4176 Germani
847 4123 1038 4177 filinsunume
1059 4127 1113 4177 suis
1130 4126 1254 4189 ducibus,
1268 4124 1394 4181 Hunnum

308 4196 435 4259 natione,
453 4192 591 4251 nmium
610 4196 736 4256 nomine,
755 4210 788 4247 ex
804 4194 897 4265 insuia
912 4194 1094 4266 Rhodopolim
1104 4196 1189 4253 mittit
1205 4214 1266 4257 cum
1287 4195 1394 4253 duobus
