3109 4950
423 244 428 264 ¹
464 250 752 367 'ursroaraauu
781 304 837 364 111.
855 306 906 373 aa.
1162 306 1235 389 191

160 468 326 544 λαυχοῖεν,
360 459 457 539 δέχου
476 452 532 518 καί
546 454 659 547 τοάτον
674 452 713 538 δὴ
729 451 785 517 τὸν
810 451 965 540 στροτάν,
1000 448 1106 541 ώσπερ
1126 460 1316 541 adorate.
1330 467 1388 533 555²

159 559 233 642 μίας
249 558 374 640 μᾶλλον.
398 552 455 618 καί
479 552 658 630 ἐπιδείξεως
694 552 765 615 ἀλλ’
780 551 821 616 asi
837 553 895 617 rari
904 546 1078 635 ἀναγκαίου
1094 550 1191 637 χάριν
1207 548 1266 619 ά·ι
1277 548 1342 617 Μθ

159 658 399 737 πεσταλμέυους,
420 650 556 736 θαρρεῖν
564 648 670 714 τοίνυν
682 651 737 717 καί
749 646 842 735 ἔργου
854 648 987 733 ἔχεσθαι
997 646 1057 715 σάν
1071 653 1245 741 προθυμιρι,

160 756 202 832 sic
220 756 310 840 ἡμῶν
327 748 421 817 οὐδὲν
438 748 544 816 ὁτιοῦν
558 750 619 813 τών
645 746 776 812 δεόντων
796 750 1067 834 περιοψοιώνων.”
1088 746 1188 824 silisis
1205 747 1277 834 dq'D
1330 758 1353 787 ·‘

143 850 218 928 ὅοάν
241 848 491 929 ἀνεπυνθάνετο,
513 840 585 910 ὅποι
602 844 650 931 εἴη
668 843 704 909 τά
722 845 915 931 στράτευμα.
936 844 1004 912 ὅδὲ
1033 847 1094 929 „ari
1113 843 1246 932 πάρρω”

160 949 242 1019 εἶπεν
253 938 505 1037 ,ἀφεστήκασιω
522 938 542 1029 ἢ
558 941 654 1025 μόνον
671 946 822 1030 τέσσαρσι
829 947 984 1023 Λαζικοῖς
996 945 1244 1031 παρασάγγαις.”

160 1050 417 1115 καταλελοιπέναι
445 1042 504 1129 γάρ
532 1036 649 1117 αὐτοὺς
670 1042 758 1129 α’μφί
780 1039 835 1107 τὸν
861 1044 998 1109 Νίοκνον
1023 1041 1165 1125 ποταμὸν
1195 1043 1252 1110 ἔτι·

159 1145 394 1229 αὐλιζομένους.
421 1140 508 1208 sati
534 1145 702 1226 Μαρτῖνος
726 1135 826 1227 ὀργήν·
841 1166 912 1207 τινα
931 1144 976 1230 τῷ
994 1140 1145 1233 προσώπῳ
1166 1140 1245 1209 εἷπο-

160 1244 358 1333 κριυάμενος,
379 1235 570 1327 ,ἀπίτωσαν
597 1233 714 1317 κάθιζ’
742 1239 805 1327 ἔφη
825 1240 890 1324 „ais
906 1239 1051 1324 τάχιστα,
1076 1242 1133 1307 καί
1158 1240 1246 1309 αἴκα·

125 1348 195 1414 τοδε
212 1338 489 1427 α’ναστρεφόντων,
522 1338 570 1413 aia
589 1336 683 1421 ἔγωγε
703 1338 762 1403 asin
780 1332 820 1403 άν
843 1362 919 1403 ποτε
934 1339 1043 1416 αὐτοῖς
1062 1340 1173 1428 ε’φείην
1194 1345 1246 1407 ἐν-

158 1443 420 1523 «adaequaverat.
454 1434 557 1503 δεινὸν
579 1435 637 1522 γάρ
658 1438 688 1502 εἰ
703 1439 800 1503 τάνδε
814 1440 876 1502 τῶν
898 1438 1102 1523 diiudicatis
1123 1442 1247 1506 ἕνπλεί-

162 1536 330 1623 στοτΐῆμῖν
351 1534 663 1623 ξυστρατευομὲνων,
692 1533 791 1600 πολὺν
812 1531 885 1602 ὅσον
904 1535 1020 1622 χρόνον
1038 1540 1247 1622 transaquis-

162 1662 240 1719 των,
260 1634 316 1701 καί
332 1633 479 1713 πολλάκις
500 1631 578 1720 πρὸς
595 1632 671 1710 τούς
686 1636 855 1715 πολεμίους
870 1636 1162 1721 παραταξαμένων,
1183 1628 1245 1721 {idq

162 1761 196 1807 τε
214 1735 252 1799 ad
266 1730 376 1821 πόρ’ῥω
392 1731 530 1819 ἡκόντων
547 1731 687 1799 ἐκποδών
709 1732 906 1819 ποιήσασθαι
919 1731 956 1799 τά
973 1735 1161 1816 ἀντίπαλον,
1191 1738 1248 1802 καί

126 1835 352 1918 ιςτελεωτάτην
372 1829 594 1917 ἀναδήσασθαι
613 1830 710 1917 νίκην·
731 1830 761 1897 οἱ
779 1836 816 1897 δὲ
832 1829 914 1898 οάτω
931 1827 1061 1897 κατόπιν
1075 1836 1133 1898 τοῦ
1147 1828 1242 1918 άναγ-
1251 1850 1277 1902 Ρ.
1286 1852 1339 1906 100

163 1932 256 1998 καίου
283 1936 490 2018 παρέσονται,
512 1934 568 1998 καί
589 1935 760 2013 μονονουχὶ
786 1929 1031 2015 ἀπογευσάμενοι
1052 1933 1115 1997 τών
1138 1931 1245 1997 κωδά-

164 2055 247 2112 νων,
269 2025 336 2095 εἶτα
357 2028 413 2116 τὴν
435 2028 547 2113 ὁμωάν
567 2030 752 2096 α’ποίσουται
777 2028 888 2113 δόξαν,
908 2034 963 2095 καί
975 2028 1009 2105 ἐς
1024 2032 1161 2105 ἐκείνους
1175 2031 1248 2096 aias-

163 2128 291 2214 υεχθεάγ
311 2126 345 2194 τὸ
368 2132 475 2214 πέρας·
508 2128 563 2194 καί
566 2180 576 2211 ,
609 2126 645 2193 τὸ
666 2127 705 2212 dr}
731 2128 857 2193 πάντων
879 2126 1089 2214 ἀδικώτερον,
1115 2126 1156 2193 τά
1170 2130 1250 2214 γέρα

163 2227 274 2314 ἐπίσης
291 2224 508 2314 καρπώσονται
528 2230 642 2294 τοῖσδε.
675 2222 744 2293 ἀλλ’
762 2228 891 2303 ε’κείνοις
909 2230 970 2309 μὲν
989 2226 1089 2290 αὐτοῦ
1110 2228 1249 2307 μενετέα,

123 2328 199 2411 asic
213 2321 287 2392 daea
299 2328 336 2403 ἐς
349 2323 406 2410 τήν
425 2327 616 2413 άποπορείαν
634 2323 948 2413 παρασκευάσασθαι,
969 2323 1192 2409 άποχρήσουσι
1213 2326 1250 2388 di

166 2420 242 2511 ἡμῖν
251 2414 338 2490 οὗτοι
353 2422 389 2492 τὸ
406 2424 590 2508 λειπόμενον
605 2428 660 2491 τοῦ
675 2426 815 2507 πολέμου
832 2419 944 2512 ἄριστα
961 2420 1247 2510 κατεργάσασθαι.”
1296 2433 1299 2440 ’

237 2580 264 2633 5.
281 2573 337 2640 ὅπη
362 2579 392 2628 ll.
485 2576 510 2629 6.
530 2575 667 2634 Λαζικοῖς
689 2575 734 2638 λλ,
761 2576 921 2643 Περσικοῖς
946 2574 1129 2644 vulg.,1ntpr.
1148 2573 1250 2631 radiis

239 2648 382 2718 octaginta
400 2647 508 2701 abesse:
527 2654 599 2697 recte
618 2644 729 2716 quidem
746 2645 837 2714 quoad
856 2662 980 2698 sensum:
997 2646 1030 2697 cf.
1049 2664 1128 2716 supra
1144 2664 1171 2715 p.
1192 2665 1247 2702 ιισ.

242 2718 283 2770 ed.
292 2719 410 2769 Bona-v.
421 2734 461 2768 πο.
513 2733 539 2784 γ.
556 2717 698 2786 Neogaum
717 2717 801 2785 lntpr.
866 2711 946 2784 ilat
966 2713 1122 2770 α’ντίπαλον
1139 2721 1180 2781 a„
1198 2709 1249 2774 τὸν

244 2785 338 2842 α’ντίπ.
348 2786 416 2856 vulg.
474 2803 511 2854 ¹9·
530 2787 730 2856 καρπώσονται
748 2782 844 2837 solede
861 2788 890 2838 ll.
900 2823 908 2850 ‚
929 2785 1025 2839 τοῖσδε
1041 2803 1126 2861 καρπ.
1145 2789 1214 2860 vulg.

169 2891 217 2943 illi
235 2906 264 2940 se
283 2891 416 2950 iactitent‚
437 2889 529 2957 accipe
544 2887 626 2939 etiam
643 2887 717 2940 hunc
735 2890 894 2952 exercitum,
911 2886 1137 2944 honorificentiae
1155 2900 1249 2944 osten-

170 2959 341 3030 tationisque
363 2975 442 3009 causa
460 2959 561 3027 potius,
583 2975 662 3029 qulam
685 2959 758 3028 quod
782 2960 926 3010 necessitas
946 2961 984 3010 ita
1007 2962 1165 3029 postularet,
1182 2964 1265 3012 nris·-

170 3049 238 3085 sum.
275 3033 350 3082 Bono
374 3029 456 3098 igitur
478 3029 569 3080 animo
589 3035 658 3092 este,
684 3029 846 3098 fortiterque
871 3046 928 3080 rem
948 3031 1052 3097 gerite,
1077 3039 1172 3099 utpote
1196 3048 1251 3082 no-

167 3103 213 3159 bis
232 3100 304 3152 nihil
319 3115 423 3161 eorum,
445 3115 513 3168 quae
539 3097 666 3166 expedire
684 3099 859 3161 videbuntur,
877 3099 1046 3168 neglecturis.
1084 3101 1181 3152 Statim
1196 3102 1252 3151 ita-

172 3189 226 3242 que
244 3174 434 3240 interrogatus,
451 3168 563 3220 ubinam
580 3177 652 3220 esset
669 3171 820 3233 exereitus,
838 3167 995 3237 respondit,
1013 3180 1131 3238 quatuor
1149 3177 1254 3224 tantum

174 3243 286 3295 Persicis
312 3239 479 3310 parasangis,
505 3256 561 3291 non
579 3239 686 3308 longius
714 3239 828 3304 abesse,
853 3240 961 3289 relictos
986 3241 1059 3290 enlm
1088 3241 1161 3308 ipsos
1187 3242 1257 3292 circa

175 3311 316 3380 Neognum
333 3310 463 3372 lluvium,
478 3308 567 3361 adhue
588 3308 629 3360 ibi
647 3311 792 3361 stationem
804 3307 945 3360 babentes.
981 3307 1021 3359 Ad
1036 3309 1104 3361 haec
1122 3311 1256 3363 Martinus

177 3381 343 3433 iracundiam
361 3379 494 3450 quandam
511 3381 587 3431 vultu
612 3379 742 3430 simulans
764 3381 870 3431 :Retro
892 3378 1007 3442 cedant,
1033 3382 1149 3452 inquit,
1176 3399 1257 3452 quam
1320 3433 1323 3440 ,

179 3452 329 3514 citissime,
353 3449 516 3520 domumque
539 3451 667 3515 redeant;
687 3466 777 3519 neque
799 3451 873 3500 enirn
895 3449 924 3500 id
944 3467 1063 3520 unquam
1085 3453 1255 3521 permiserim

177 3529 219 3576 ut,
235 3521 314 3572 nobis
338 3538 395 3572 sese
415 3515 568 3588 adiunga'nt.
604 3520 748 3590 Indignum
770 3522 844 3570 enim
869 3520 914 3583 sit,
933 3522 1043 3571 si‘cum
1064 3521 1094 3573 hi
1114 3524 1165 3573 viri
1185 3522 1257 3572 iam-

177 3590 282 3644 dudum
297 3591 376 3642 nobis
398 3591 595 3642 commilitones
613 3591 733 3654 fuerint,
761 3592 904 3659 multoque
923 3600 1045 3660 tempore
1061 3593 1186 3661 ingentes
1204 3610 1257 3644 no-

175 3661 282 3714 biscum
300 3660 402 3714 iabores
419 3661 613 3723 sustinuerint,
632 3670 660 3712 et
677 3662 835 3734 frequenter
852 3660 977 3713 adversus
993 3661 1084 3713 hostes
1101 3663 1157 3712 sint
1173 3679 1256 3730 proe-

173 3733 253 3794 liati,
273 3738 300 3782 et
314 3733 365 3781 iam
382 3747 415 3783 eo
432 3748 488 3782 rem
507 3731 678 3793 adduxerint,
696 3741 728 3783 ut
746 3748 803 3783 non
824 3733 919 3799 procul
941 3733 1032 3784 absint
1050 3750 1065 3782 a
1088 3731 1254 3801 profligando

175 3801 257 3854 hoste
271 3838 281 3862 ,
308 3807 336 3851 et
358 3801 530 3869 plenissimae
550 3802 679 3854 victoriae
702 3819 802 3854 corona
825 3801 1023 3870 adipiscenda3
1048 3802 1091 3853 illi
1118 3811 1181 3870 post
1204 3820 1255 3855 ne-

173 3873 329 3924 cessitatem
347 3869 506 3935 adveniant,
531 3879 559 3924 et
578 3878 682 3922 tantum
694 3890 748 3923 non
766 3870 913 3940 degustatis
931 3871 1060 3938 periculis
1082 3889 1173 3941 parem
1195 3874 1255 3944 glo-

174 3941 241 3995 riam
261 3952 477 4011 consequantur‚
502 3938 626 4010 bellique
648 3943 736 3993 exitus
760 3943 817 3992 illis
842 3942 1033 4002 adscribatur,
1065 3951 1093 3994 et
1120 3943 1194 4008 arrad
1220 3963 1254 3995 ο-

173 4015 279 4064 mnium
293 4019 339 4063 est
358 4013 568 4082 iniquissimum,
578 4011 653 4079 paria
670 4028 728 4060 cunr
744 4010 819 4062 hisce
835 4013 956 4078 praemia
968 4012 1099 4064 auferant
1127 4015 1253 4066 Ceterum

174 4083 232 4134 illis
250 4081 361 4152 quidem
384 4083 425 4132 ibi
449 4082 612 4132 manendum
633 4096 749 4142 censeo,
768 4079 862 4131 donec
882 4080 916 4132 ad
935 4080 1082 4134 <dicessum
1100 4086 1156 4136 sint
1173 4101 1253 4152 para-

176 4153 215 4214 ti,
233 4153 312 4205 nobis
330 4169 395 4207 vero
415 4151 444 4202 hi
467 4151 607 4202 sufficiunt
623 4149 657 4200 ad
676 4149 749 4218 quod
767 4151 903 4220 reliquum
922 4160 963 4203 est
979 4152 1048 4204 belli
1065 4157 1168 4223 optime
1187 4170 1251 4203 corr.

177 4222 346 4297 finiendum
369 4222 505 4293 simulque
527 4218 571 4273 his
587 4219 677 4284 dictis,
694 4218 729 4270 ad
752 4222 900 4275 exercitum
922 4240 1087 4287 conversas,
1108 4226 1150 4276 An
1176 4239 1250 4284 non,
