3109 4950
346 282 428 366 λιι
793 303 1001 368 reamur

193 459 225 512 Aa
241 457 546 547 0155ἱξάμοντηρίας.
586 458 794 539 ἐτεθνήκεσαν
824 459 860 520 δὲ
890 451 996 520 αδτῶν
1022 457 1080 536 μὲν
1109 450 1195 543 άμφί
1218 456 1293 532 τοὺς
1314 477 1438 542 τετρω-

236 531 479 638 Μ3’κοσιὀνς,
507 559 676 637 Ῥωμαίων
704 557 740 618 δὲ
769 549 857 630 ὅστις
888 555 1004 629 οὐδείς·
1043 555 1141 636 μόνον
1175 556 1209 618 δὲ
1230 556 1429 640 τραυματίαι

340 653 439 739 ὀλίγοι
459 657 645 738 ἐγεγένηντο.
695 650 786 733 μόλις
807 651 844 738 δη“
867 647 923 716 οδν
944 651 1113 737 Ζαβεργάν
1133 677 1166 716 τε
1188 651 1205 716 ὁ
1227 651 1353 736 ἡγεμών
1375 652 1430 715 καὶ

309 757 369 820 Coi
396 753 582 840 ἐκφυγόντες
604 745 735 832 άσμενοι
768 755 802 826 ἐς
832 748 867 815 τό
898 751 1108 836 στρατόπεδον
1140 753 1252 817 ἵκοντο·
1301 749 1332 815 οἱ
1360 753 1436 836 γάρΙ

340 855 380 940 δη
402 858 465 919 τῶν
483 851 647 932 Ῥωμαίων
677 853 767 918 ἵπποι
796 849 873 934 πρὸς
900 849 958 932 τὴν
988 853 1093 928 δίωξιν
1120 847 1333 938 ἀπειρηκότες,
1376 853 1445 914 αι’-5

341 955 486 1018 τιώτατοι
510 946 614 1025 αὐτοῖς
639 953 695 1014 τοῦ
711 959 865 1034 περιεῖναι
893 951 1087 1032 γεγένηνται,
1114 948 1183 1013 ἐπεὶ
1209 945 1250 1012 δν
1277 945 1428 1032 αδτοβοεί

341 1049 483 1126 ἅπαντας
504 1049 758 1134 κατειργάσαντο.
787 1051 844 1112 νῦν
865 1049 900 1110 δὲ
919 1046 947 1111 οἱ
967 1051 1026 1128 μὲν
1052 1056 1114 1123 τοῖς
1132 1048 1343 1134 χαρακώμασι
1364 1048 1427 1113 σὺν

334 1149 468 1237 πλείστῳ
500 1148 630 1235 θορύβῳ
659 1144 864 1230 ἐμβαλόντες,
899 1143 1111 1230 σννεκάκησαν
1139 1143 1224 1210 άπαν
1250 1146 1286 1212 τὸ
1314 1145 1426 1211 λοιπὸν

335 1247 535 1334 στράτευμα,
557 1243 818 1328 ὑποτοπήσαντας
839 1239 953 1309 αδτίκα
973 1243 1061 1326 μάλα
1084 1249 1341 1332 διαφθερεῖσθαι.
1378 1248 1425 1310 οἰ-

329 1345 421 1430 μωχη
441 1371 474 1410 τε
504 1340 630 1429 η’κοάετο
659 1342 766 1429 μακρά
793 1341 980 1429 βαρβαρική·
1023 1351 1087 1418 τοῖς
1114 1341 1172 1428 γάρ
1196 1347 1345 1430 ξιφιδίοις
1364 1343 1459 1420 arigio

332 1443 467 1530 παρειάς
488 1442 735 1522 καταξαίνοντες,
758 1440 962 1528 ὠλοφύροντο
982 1439 1061 1506 κατά
1084 1441 1140 1504 τὸν
1156 1439 1288 1527 πάτριον
1309 1441 1423 1523 νόμον.

327 1546 486 1624 Ῥωμαῖοι
507 1545 543 1606 δὲ
563 1539 622 1605 σάν
642 1543 821 1628 Βελισαρίηι
843 1535 1027 1626 ἀπεχώρουν
1047 1544 1080 1617 ἐς
1101 1541 1139 1604 τὰ
1163 1539 1279 1621 ὀπίσω,
1313 1542 1423 1627 κρείτ-

328 1667 405 1706 τονα
425 1644 485 1721 μὲν
506 1643 630 1713 ἐλπίδος
650 1637 692 1715 ιδς
713 1640 748 1702 ἐκ
768 1643 832 1703 τῶν
854 1637 1018 1725 παρόντων
1040 1638 1307 1726 διαπραξάμενοι,
1340 1633 1422 1718 dem

297 1745 368 1805 Ιλδὲ
388 1735 475 1821 ὅμως
495 1743 551 1823 τῆς
572 1741 630 1801 τοῦ
651 1740 826 1823 στρατηγοῦ
845 1737 1049 1823 προμηθείας.
1078 1735 1190 1802 τούτου
1213 1739 1248 1800 δὲ
1277 1742 1333 1802 τοῦ
1354 1736 1421 1802 πά-

330 1845 410 1914 θους
430 1848 497 1913 τοῖς
516 1835 691 1922 βαρβάροις
711 1841 961 1917 ξονενεχθὲνιος,
1003 1837 1119 1900 αὐτίκα
1141 1839 1206 1919 αἵγε
1227 1828 1358 1922 δ’ραντες
1381 1837 1453 1900 ἐκιό

328 1934 561 2016 Μελαντιάδος,
583 1931 702 2022 ᾤχοντο
723 1936 757 2009 ἐς
775 1933 815 1998 τοὶ
838 1934 935 1998 ὀπίσω
956 1926 1180 2020 πεφοβημένοι.
1227 1932 1420 2020 Βελισάριος

328 2038 365 2099 δὲ
394 2034 495 2097 καίτοι
526 2033 604 2096 κατά
627 2022 664 2096 vd
685 2031 769 2107 εἰκὸς
797 2027 863 2108 δῖός
892 2057 926 2096 τε
958 2027 1003 2098 (δν
1036 2027 1151 2106 αδτοδς
1181 2034 1419 2117 πορευομένους

324 2132 447 2215 μᾶλλόν
466 2157 498 2195 τι
518 2131 778 2215 διαχειρίσασθαι
800 2131 855 2195 καί
874 2133 1032 2214 πημῆναι,
1063 2131 1267 2211 ἐπισπόμενος
1287 2126 1419 2216 ἆνθριδ-

266 2273 269 2279 ·
324 2255 395 2306 ποις
416 2223 476 2314 ἤδη
498 2226 716 2313 κατεπτηχόσι,
751 2232 806 2293 καί
827 2224 894 2294 οἷον
917 2226 1020 2314 φυγήν
1041 2224 1322 2314 την-άναχιάρησιν
1341 2253 1416 2292 ποι-

324 2333 477 2410 ουμένοις·
497 2324 514 2392 ὃ
535 2331 570 2392 δὲ
590 2325 690 2404 εδθδς
711 2322 795 2409 ὅμως
816 2326 878 2392 rival
901 2325 958 2410 τήν
979 2327 1070 2392 πόλιν
1097 2327 1226 2413 ἐπανῄει
1254 2327 1292 2390 οδ
1322 2325 1453 2408 paliano

323 2421 422 2507 ἑκών,
450 2420 520 2491 ἀλλ’
549 2429 584 2491 ἑκ
602 2429 757 2509 βασιλέως
778 2420 866 2514 αὐτῷ
896 2429 1169 2511 προστεταγμένον.
1211 2421 1319 2509 ἐπειδη
1348 2422 1412 2511 γάρ

321 2524 404 2602 άπας
425 2526 442 2590 δ
461 2529 570 2611 δῆμος,
591 2524 750 2610 τοῦἔργοο
768 2526 878 2611 σφίσιν
899 2520 1141 2609 ἀπηγγελμένον,
1161 2516 1240 2611 ᾖδον
1259 2550 1291 2589 τε
1313 2520 1414 2589 αὐτὸν

321 2630 376 2690 καί
393 2621 550 2705 ἆνάμνονν
572 2623 651 2687 κατὰ
673 2622 851 2705 ξολλόγοος,
872 2622 916 2697 οἷς
936 2620 992 2685 ὑπ’
1013 2622 1133 2688 ἐκείνου
1154 2626 1412 2709 περιφανέστατα

387 2758 566 2827 αιῬωμαῖοι
584 2758 614 2812 R.
694 2755 718 2823 q,
740 2753 841 2819 ἥκοντα
862 2758 891 2811 ll.
984 2758 1010 2813 6.
1029 2757 1077 2811 Pro
1098 2754 1179 2809 otuu.
1199 2754 1236 2809 dl.
1343 2757 1408 2809 αὐτ.

387 2825 488 2879 ἄπαντ.
507 2828 547 2888 rt,
567 2822 667 2876 ἄπαντ.
687 2822 839 2895 aursvutg.
905 2844 928 2895 η.
946 2826 1001 2896 μὲν
1017 2828 1048 2879 ἐν
1067 2836 1127 2884 τοῖς
1144 2828 1213 2897 vulg.
1293 2847 1320 2897 9.
1340 2826 1410 2878 δια-

386 2900 568 2967 φθαρεῑσθαι
592 2896 621 2944 lt.
735 2914 774 2947 ιι.
808 2898 1022 2957 καταξαίνοντες
1045 2899 1089 2960 lt,
1109 2896 1315 2958 καταξάνοντες
1332 2900 1407 2967 vulg.

389 2973 429 3023 ιδ.
444 2964 638 3035 ἐπισπόμενος
646 2964 674 3015 li.
692 2965 765 3038 (et),
784 2966 984 3039 ἐπισπώμενος
1000 2967 1071 3035 vulg.

315 3114 370 3166 bat.
401 3114 479 3165 Caesi
497 3116 590 3183 ltaque
609 3120 672 3168 sunt
689 3130 723 3164 ex
744 3114 778 3164 iia
798 3115 906 3166 circiter
924 3115 1124 3185 quadringenti,
1143 3131 1157 3165 e
1177 3115 1303 3166 Romanis
1322 3134 1404 3169 nemo

316 3185 500 3249 desideratus3
527 3186 606 3252 pauci
627 3192 731 3235 tantum
750 3185 899 3236 vulnerati:
927 3202 1006 3253 aegre
1023 3202 1085 3236 vero
1107 3193 1135 3237 et
1159 3186 1293 3254 Zabergan
1322 3188 1404 3237 Hun-

315 3272 412 3307 norum
433 3256 593 3322 praefeetus,
614 3256 707 3324 etqui
725 3271 833 3305 eumeo
853 3258 1009 3323 effugerant,
1028 3256 1094 3306 laeti
1114 3259 1143 3305 in
1162 3264 1247 3307 castra
1267 3272 1404 3325 pervene-

315 3336 386 3377 runt
430 3327 610 3375 Romanorum
635 3328 709 3375 enirn
735 3326 800 3394 equi
832 3326 991 3377 insectando
1018 3325 1177 3394 defatigati,
1217 3328 1333 3377 maxima
1361 3329 1403 3377 eis

316 3411 395 3446 causa
420 3396 515 3445 salutis
537 3396 630 3445 fuere:
661 3395 785 3465 alioquin
811 3394 845 3445 ad
869 3412 953 3445 unum
971 3412 1063 3447 omnes
1091 3414 1123 3447 eo
1143 3394 1188 3446 die
1207 3396 1401 3447 trucidassent

316 3466 394 3516 Nunc
420 3480 482 3516 vero
510 3482 570 3514 eum
598 3462 628 3514 hi
657 3466 685 3515 in
710 3466 811 3514 vallum
835 3466 1057 3535 munitionesque
1083 3484 1143 3517 suas
1161 3482 1256 3533 magno
1275 3483 1337 3517 cunr
1355 3474 1415 3517 trs-v

315 3536 403 3585 multu
421 3535 606 3603 proruissent,
637 3535 772 3604 reliquum
792 3538 948 3585 universum
967 3536 1115 3587 exercitum
1132 3536 1309 3587 vehementer
1334 3554 1403 3589 eon-

316 3607 476 3667 turbnuunt,
503 3604 588 3654 veluti
609 3606 758 3655 certissimo
778 3608 863 3655 esitio
892 3606 1003 3656 iamiam
1026 3607 1192 3657 imminente.
1230 3606 1328 3674 lugens
1347 3608 1402 3659 ita-

316 3694 370 3745 que
394 3676 570 3726 barbarornm
596 3674 715 3724 eiulatus
741 3674 953 3726 exaudiebatur:
990 3676 1084 3727 cultris
1114 3679 1187 3727 euim
1215 3692 1296 3743 genas
1325 3677 1412 3727 laee-·

317 3754 422 3805 rantes,
440 3746 531 3813 patrio
549 3760 624 3793 more
644 3743 779 3812 lugebant
827 3746 938 3795 Romani
957 3754 1048 3796 autem
1068 3762 1128 3797 cum
1146 3746 1276 3797 Belisario
1294 3745 1330 3796 ad
1349 3764 1399 3797 sua

315 3813 470 3876 redieruut,
492 3814 637 3865 remelius
660 3832 741 3882 quam
767 3824 907 3881 sperarant
927 3823 1013 3883 gesta,
1037 3816 1119 3885 digno
1140 3826 1232 3867 tamen
1250 3816 1400 3884 prudentia

316 3883 393 3934 ducis
414 3894 521 3941 eventu.
556 3884 667 3935 Barbari
688 3902 753 3935 vero
779 3883 829 3933 hac
847 3883 923 3935 clade
941 3893 1067 3954 accepta,
1092 3888 1172 3937 motis
1193 3886 1283 3936 statim
1305 3886 1399 3937 eMe-

314 3954 436 4003 lantiade
455 3955 559 4015 castris,
578 3962 723 4005 retrorsum
742 3955 843 4021 trepidi
862 3969 972 4005 cessere.
1008 3957 1154 4007 Belisarius
1173 3964 1272 4017 autem,
1288 3957 1406 4010 tametsi⁴

313 4024 497 4086 verisimiliter
516 4040 563 4074 eos
581 4024 713 4075 abeuntes
734 4026 836 4075 maiore
859 4033 992 4092 stragem
1010 4025 1107 4083 damno
1129 4024 1232 4077 allicere
1250 4028 1396 4093 potuisset,
1432 4049 1441 4066 ¹

314 4101 411 4160 utpote
435 4092 558 4143 homines
584 4096 637 4143 iam
656 4104 730 4145 metu
748 4095 886 4163 perculsos
904 4096 1058 4165 insectans,
1091 4112 1151 4147 curn
1179 4096 1259 4163 fugae
1277 4098 1396 4147 similem

316 4163 509 4213 discessionem
533 4163 670 4225 facerent,
696 4163 875 4216 nihilomiuus
901 4172 990 4215 tamen
1019 4168 1109 4217 statim
1127 4168 1156 4216 in
1182 4166 1277 4217 urbem
1304 4166 1395 4229 rediit;

314 4233 399 4303 idque
415 4249 470 4285 non
487 4240 543 4283 tam
561 4236 696 4287 exanimi
713 4236 756 4286 sui
767 4236 914 4299 sententis,
933 4252 1013 4307 quarn
1028 4237 1201 4306 Imperatoris
1219 4238 1303 4293 iussu.
1327 4235 1396 4289 Cum
