3109 4950
322 323 375 378 ιι
586 263 587 270 ¹
736 313 947 382 aetrnum

194 490 224 546 l.
234 473 355 543 coesto
365 466 482 558 Θρᾴκῃ,
498 463 598 552 τυχδν
616 467 651 534 δὲ
660 467 695 532 δν
705 469 727 534 Ι
727 466 865 551 λλυριόις
880 455 1203 550 τάγμασιιιεριπεσάν
1212 454 1420 548 Ῥωμαϊκοϊς

222 559 502 642 llessdeteofdo
527 559 695 652 διεφθάρη.
724 560 759 628 τό
779 560 902 646 νομήν
917 565 951 638 ἐς
964 559 1086 628 ἔννοιαν
1109 565 1210 628 ταῦτα
1232 562 1399 646 βαλέσθαι,

322 665 379 732 καὶ
397 659 465 730 εἶτα
481 665 665 748 θελήσαίτε
684 660 738 726 καί
761 660 931 747 ἐφίεσθαι,
961 661 1017 725 καί
1039 657 1076 726 τό
1099 667 1129 746 ρ)
1159 661 1278 728 ἐκείνου
1303 665 1400 750 μέρος

321 759 443 828 ἅπαντα
453 753 513 846 ήδη
533 763 730 845 πεπρᾶχθαι,
745 756 914 843 κράτιστον
932 751 971 823 άν
984 755 1032 842 εἴη
1047 756 1102 824 τάν
1119 756 1220 846 άνδρα
1232 762 1406 846 τεκμηριῶ-

305 887 394 944 σαι,
430 857 472 936 ὥς
490 856 588 936 δεινός
612 882 647 922 τε
666 851 707 942 ήν
731 855 787 922 καί
802 853 947 941 additor
965 859 1020 920 καί
1036 851 1102 933 οἷος
1117 856 1153 922 τὸ
1169 861 1326 939 μανιῶδες
1349 861 1423 936 ιιαί5

321 959 492 1043 ἔμπληκτον
508 951 655 1044 άνδρείοιν
669 955 824 1042 ἡγεῖσθαι.
883 955 914 1018 εί
925 951 986 1040 γάρ
1000 952 1045 1040 μή
1061 951 1202 1041 ἔφθασεν
1218 957 1239 1040 ή
1259 958 1318 1020 τοῦ
1331 959 1405 1038 βίου

321 1054 446 1141 τελευτή
466 1052 499 1122 τά
519 1054 702 1142 ἐγχειρήμα,
724 1051 801 1130 ἴσως
820 1045 860 1132 α’ήν
877 1056 933 1119 καί
948 1053 1096 1138 ἐνήρξατο
1112 1055 1168 1138 τῆς
1185 1056 1321 1141 πορείας·
1347 1055 1406 1118 νῦν

322 1159 359 1222 δὲ
374 1155 429 1221 ἐπὶ
442 1153 547 1240 θήραν
568 1151 624 1220 ἰων
640 1155 758 1239 ταῦρος
777 1150 864 1239 αὐτῷ
881 1148 1078 1235 ὑπαντιάζει,
1098 1156 1197 1236 μέγας
1212 1177 1246 1218 τε
1260 1151 1315 1216 καὶ
1327 1148 1406 1232 ὑψί-

297 1269 438 1342 Οιιερως,
469 1255 507 1318 οδ
526 1278 589 1318 των
604 1255 767 1318 τιθασσιδν
796 1253 896 1337 δήπου
913 1251 1035 1315 τούτων
1049 1255 1105 1316 καί
1124 1246 1303 1337 ἀροτήρων,
1337 1250 1405 1314 ἀλλ’

320 1350 473 1436 άλονόμος
488 1356 542 1418 καί
557 1344 667 1438 ὄρειος,
688 1349 744 1416 καί
759 1359 824 1427 τοῖς
837 1353 947 1437 κέρασι
962 1347 999 1414 τὸ
1015 1343 1182 1416 άνιάιαλον
1201 1347 1447 1436 imperatos-1⁰

322 1449 500 1538 βουβάλους
518 1445 606 1533 οἶμαι
622 1449 697 1516 τάδε
716 1447 751 1515 τά
771 1450 858 1533 γένος
877 1449 1019 1515 καλοῦσι.
1059 1457 1197 1514 πλεῖστοι
1217 1451 1252 1514 δὲ
1269 1446 1331 1512 tud
1351 1445 1407 1530 τήν

319 1551 420 1638 ἐκείνῃ
439 1541 568 1636 ήπειρον
587 1551 743 1629 νέμονται·
765 1542 966 1634 άμφηρεφεῖς
980 1571 1014 1612 τε
1032 1543 1090 1633 γάρ
1113 1544 1147 1611 αἱ
1165 1546 1273 1627 νάπαι,
1294 1543 1349 1608 καί
1365 1542 1406 1608 τά

321 1640 379 1734 ὅρη
401 1645 515 1728 λάσια,
560 1644 616 1710 καί
631 1646 826 1731 δυσχείμερα
846 1643 885 1710 τά
898 1646 1021 1731 χωρία,
1052 1632 1161 1710 ’άπασι
1176 1648 1212 1709 δὲ
1227 1645 1349 1718 τούτοις
1367 1664 1404 1706 το

320 1747 401 1825 ζοῖον
421 1742 556 1830 ἥδεσθαι
572 1748 711 1830 πέφυκε.
743 1736 855 1808 τοῦτον
874 1740 914 1829 δή
934 1736 991 1807 σάν
1013 1738 1255 1828 δΘευδίβερτος
1270 1739 1405 1816 ἔκτινος

318 1841 420 1928 νάπης
434 1840 513 1910 ἰδών
526 1837 723 1928 άναθοράντα
741 1845 797 1908 καί
815 1840 1023 1928 ἐπερχόμενον
1028 1893 1039 1923 ,
1069 1840 1203 1926 εἱστήκει
1225 1835 1264 1906 εδ
1279 1836 1402 1921 διαβάς,
1408 1867 1420 1909 1
1426 1847 1445 1912 5

320 1942 364 2018 οδς
374 1943 417 2031 τῷ
431 1938 542 2027 δόρατι
558 1941 778 2006 ὑπαντιάσων·
806 1938 824 2004 δ
838 1941 882 2022 δὲ,
899 1937 1007 2025 ε’πειδή
1024 1941 1125 2024 άγχοῦ
1139 1937 1281 2024 ἐγεγόνει,
1296 1941 1335 2025 τῇ
1349 1935 1404 2023 ῥο-

248 2077 250 2081 ·
317 2043 362 2129 πή
375 2042 430 2106 τοῦ
449 2037 567 2126 δρόμου
591 2037 760 2126 φερόμενος
782 2039 816 2116 ἐς
831 2041 961 2126 δένδρον
974 2064 1005 2103 τι
1030 2041 1095 2104 τεάν
1118 2033 1157 2103 σά
1172 2037 1244 2103 λίαν
1259 2036 1403 2120 μεγάλων

390 2176 413 2212 r.
432 2157 463 2211 ἐν
477 2155 568 2229 Θρᾴκῃ
586 2155 737 2211 οδὼεκΒ.
754 2165 783 2210 et
797 2158 892 2228 lntpr„
913 2150 985 2225 vulg.
1004 2157 1119 2212 lacunae
1135 2157 1248 2228 signum.
1327 2169 1352 2209 2.
1365 2147 1404 2206 ἂν

388 2227 484 2280 addidi
500 2229 575 2281 exli.
685 2227 823 2296 βαλέσθαι
839 2229 868 2279 ll.
878 2263 886 2290 ‚
898 2226 1033 2294 λαβέσθαι
1046 2229 1117 2298 vulg.
1202 2229 1227 2278 3.
1251 2220 1280 2293 γ’
1290 2222 1402 2275 ἐκείνου

387 2300 428 2362 lt,
447 2311 482 2366 ys
506 2298 617 2352 ἐκείνου
635 2298 706 2368 vulg.
811 2295 1043 2367 ήτενριήριῶσαι
1059 2299 1103 2362 R„
1120 2296 1310 2368 τεκμηριᾶσαι
1331 2293 1377 2342 vul
1395 2328 1405 2346 ι

388 2371 414 2422 6.
426 2365 564 2438 eludentur
574 2367 659 2437 Lugd.
677 2377 705 2422 et
723 2365 821 2420 Suidas
840 2385 860 2419 s.
873 2381 897 2417 v.
916 2365 1090 2437 ἔμπληκτος,
1111 2365 1231 2437 ἀνδρίαν
1245 2365 1273 2416 ll.
1298 2369 1325 2414 et
1340 2310 1402 2414 edd.
1477 2377 1488 2386 ⁴

387 2453 411 2509 7.
433 2434 464 2491 τὸ
483 2439 637 2511 ἐγχείρημα
651 2439 689 2504 Β,
713 2440 763 2489 καλ
784 2427 816 2489 τὸ
830 2437 912 2507 ἐγχεῖ
931 2453 987 2507 upra
1000 2437 1071 2508 vulg.
1140 2455 1166 2508 9,
1185 2434 1242 2488 τῶν
1257 2435 1405 2487 τὶδασσολν

387 2508 479 2571 δήπου
496 2507 604 2563 τούτων
620 2510 668 2558 καλ
681 2507 829 2577 ἀροτήρων
847 2524 898 2559 em.
913 2453 1057 2569 intranti,
1075 2525 1155 2596 quam
1167 2507 1326 2576 confirmant
1337 2505 1366 2562 ll.
1374 2510 1403 2555 et

387 2578 492 2648 lntpr.‚
518 2579 589 2647 vulg.
604 2577 641 2645 τῷ
660 2579 770 2645 τιδασρλ
785 2573 878 2641 δήπου
893 2575 983 2645 τούτῳ
1007 2580 1056 2627 καὶ
1076 2577 1212 2647 αροτήρῳ.
1255 2575 1403 2625 samanar

385 2664 436 2718 pro
459 2650 586 2699 τιθασῶν
609 2648 638 2698 ll.
712 2708 715 2717 ρ
745 2664 787 2703 ro.
806 2646 874 2699 ‘Post
894 2644 994 2717 ὄρειος,
1009 2646 1070 2699 add.
1092 2649 1193 2716 Intpr.:
1215 2646 1353 2719 serusque
1374 2655 1403 2697 st

385 2729 537 2787 cornupeta
557 2728 585 2771 et
603 2732 707 2789 magna
727 2718 853 2787 eorporis
870 2718 949 2769 mole.
1051 2734 1089 2772 ιο,
1111 2719 1204 2787 ἐκείνῃ
1222 2716 1269 2777 Ν.,
1291 2716 1403 2777 ἐκείνην

383 2786 455 2854 vulg.
472 2795 501 2838 et
514 2788 543 2839 li.
651 2790 690 2841 ιδ.
707 2782 783 2846 ἅπας
801 2788 850 2838 καὶ
868 2786 953 2839 τοῦτο
969 2787 999 2838 R.
1107 2788 1147 2843 15.
1162 2781 1344 2855 δνοθορόντα
1360 2784 1402 2847 R«,

302 2854 305 2861 '
383 2852 630 2927 dudoqdrwvulg.
840 2861 844 2867 '
1149 2869 1152 2873 '

318 2957 419 3023 suisse3
437 2956 485 3009 sed
505 2958 561 3011 sive
579 2961 609 3011 in
629 2958 783 3021 Thraciam,
801 2960 858 3012 sive
875 2959 906 3011 in
923 2958 1030 3025 Illyrios
1047 2958 1182 3022 venisset,
1201 2958 1231 3010 in
1248 2956 1401 3025 praesidis·

318 3029 373 3080 rias
391 3028 424 3079 iis
442 3030 472 3080 in
491 3029 559 3081 loeis
576 3031 756 3081 Romanorum
771 3030 893 3099 legiones
908 3029 1059 3092 incidisset,
1078 3030 1248 3097 turpiterque
1263 3028 1399 3096 periisset.

317 3096 374 3149 Sed
387 3095 439 3149 hoc
458 3098 548 3167 ipsum
568 3099 642 3169 quod
661 3100 827 3151 eiuscemodi
843 3099 988 3151 eonsilium
1004 3101 1094 3150 animo
1106 3100 1283 3167 concepisset,
1303 3106 1332 3149 et
1342 3097 1401 3148 vel·

315 3168 357 3219 let
383 3175 411 3219 et
430 3175 554 3237 optaret,
572 3185 734 3240 omnemque
758 3169 833 3239 quod
857 3166 893 3219 ad
916 3170 1065 3230 selattinet
1081 3167 1115 3219 ad
1133 3167 1186 3219 hoc
1203 3168 1321 3237 lapidem
1338 3184 1400 3219 mo-

315 3238 417 3300 visset,
442 3238 645 3291 evidentissimo
666 3246 824 3309 argumento
843 3256 902 3290 esse
920 3248 1026 3306 potest,
1051 3238 1139 3309 qualis
1159 3238 1207 3288 ille
1225 3238 1284 3300 vir,
1301 3252 1399 3307 quam·

316 3323 371 3389 que
389 3307 465 3357 ferox
481 3316 509 3361 et
525 3326 650 3375 arrogans
664 3310 756 3373 suerit,
775 3311 877 3379 qnippe
890 3310 937 3378 qui
953 3310 1072 3361 furorem
1088 3308 1324 3377 temeritatemque
1339 3307 1398 3357 ior-

314 3374 464 3427 trtutlinem
480 3394 538 3429 esse
553 3380 735 3439 existimabat.
762 3379 822 3433 Nisi
840 3380 912 3431 enim
924 3380 997 3431 vitae
1010 3379 1071 3430 finis
1087 3386 1198 3429 conatus
1213 3377 1298 3445 ipsius
1316 3383 1397 3427 ante·

315 3447 449 3507 vertisset,
471 3450 673 3515 expeditionem
688 3448 757 3502 hano
779 3466 916 3519 aggressus
931 3448 1035 3505 fuisset.
1071 3448 1149 3500 Nunc
1167 3463 1230 3498 vero
1249 3464 1332 3515 quum
1348 3461 1397 3497 re-

314 3524 410 3567 natum
427 3515 533 3580 ivisset,
559 3525 652 3571 taurus
671 3520 697 3571 ei
715 3522 810 3589 ingens
826 3527 854 3569 et
871 3518 984 3569 excelsis
1002 3519 1128 3569 cornibus
1146 3517 1285 3587 praeditus
1299 3532 1398 3566 occur-

315 3586 367 3649 rit,
405 3602 460 3637 non
479 3586 583 3637 domito
602 3588 708 3641 cuidam
728 3598 756 3641 et
781 3589 882 3640 aratori
904 3594 981 3640 tauro
1000 3588 1115 3653 similis,
1147 3586 1196 3638 sed
1221 3588 1344 3638 silvester
1367 3592 1397 3636 et

314 3662 469 3719 montanus,
489 3662 516 3707 et
536 3656 671 3727 quidquid
687 3657 797 3711 obvium
808 3658 902 3718 habet,
920 3656 1086 3726 disperdens.
1124 3657 1251 3718 notator,
1268 3657 1309 3706 uti
1321 3654 1416 3710 arbi-‚

314 3730 388 3790 tror,
416 3725 468 3777 hoc
486 3742 569 3795 genus
588 3726 630 3777 illi
650 3728 802 3795 appellant3
827 3728 958 3794 plurimos
975 3744 1039 3779 vero
1060 3728 1113 3779 fert
1132 3727 1181 3777 illa
1198 3728 1278 3796 regio.
1315 3725 1397 3775 Den-

314 3793 438 3846 slssimae
456 3798 529 3847 enim
553 3797 583 3848 in
603 3814 633 3848 ea
654 3797 750 3861 silvae,
777 3794 883 3848 horridi
900 3804 1019 3859 montes,
1050 3805 1078 3848 et
1098 3804 1198 3847 tractus
1217 3792 1396 3864 frigidissimi,

304 3861 415 3930 'quibus
438 3865 565 3917 omnibus
588 3866 703 3937 gaudere
729 3866 800 3919 solet
824 3864 878 3917 hoe
899 3868 1006 3917 animal.
1050 3866 1139 3935 Quem
1157 3864 1268 3936 quidem
1286 3873 1395 3915 taurum

221 3954 224 3960 ·
312 3932 483 4000 conspicatus
501 3935 702 3989 Theodibertus
725 3954 740 3988 e
768 3937 837 3988 saltu
863 3936 981 4005 quodam
1005 3938 1194 4006 prosilientem
1216 3943 1298 4005 atque
1316 3936 1345 3986 in
1363 3949 1394 3985 se

310 4001 475 4065 irruentem,
515 4010 638 4060 constitit
663 4015 802 4077 tamquam
829 4004 905 4056 hasta
931 4023 1097 4061 occumurus.
1134 4007 1239 4057 Taurus
1258 4020 1321 4057 vero
1339 4006 1394 4055 iam

311 4071 425 4143 propior
447 4072 548 4137 sactus,
580 4078 683 4146 impetu
702 4094 794 4129 cursus
813 4076 918 4128 delatus
937 4077 967 4127 in
985 4076 1112 4128 arborem'
1127 4072 1262 4143 quandam
1279 4090 1334 4125 non
1353 4073 1394 4123 ita

312 4156 447 4209 magnam,
472 4140 560 4195 tronto
579 4154 607 4198 et
620 4146 747 4199 cornibus
764 4163 823 4198 eam
839 4148 916 4208 ferit,
944 4154 972 4198 et
987 4147 1116 4199 subversa
1132 4152 1190 4196 tota
1207 4142 1303 4195 arbore
1320 4143 1393 4193 etin

311 4210 398 4265 solum
420 4211 562 4283 depressa,
592 4218 723 4269 maximus
744 4216 857 4289 quidam
875 4218 976 4280 exiis,
1008 4216 1056 4285 qui
1074 4215 1140 4269 inde
1156 4214 1288 4267 confracti
1313 4216 1393 4269 erant
