3109 4950
318 296 398 411 176
745 310 954 390 sessuris

184 471 352 547 &cessis
372 498 454 553 τινος
480 474 578 561 τυχόν
603 471 756 557 ἁλάμενος
781 466 998 561 ὄρσοθόρηςῆ
1018 474 1073 538 καί
1097 470 1195 563 ἑτέρῳ
1221 472 1319 564 ὁποίῳ
1349 475 1389 563 δὴ

213 564 234 625 Ῑ·
242 564 262 615 Ῑ·
272 582 307 637 ²9
314 575 418 665 τρόπῳ
438 574 547 641 λαθοόν
556 573 703 659 διεσώθη.
722 576 825 637 ταῦτα
838 574 875 637 δὲ
890 572 1063 658 δράσαντες
1077 571 1106 636 οἱ
1114 572 1283 659 ἀλιτήριοι,
1298 573 1392 639 ε’σκό.

309 680 425 741 λευσαν
444 672 519 751 τοός
539 676 717 755 κειμένους,
745 669 836 737 τότε
853 664 933 737 ἄλλα
953 670 1056 736 δπόσα
1073 670 1222 756 ἐπήγοντο
1238 668 1391 756 κτήματα,

310 772 366 839 καί
378 771 457 859 πρός
477 797 512 857 γε
533 770 568 839 τό
590 775 745 855 βασιλέως
761 764 953 857 ἀφελόμενοι
976 770 1128 855 χρυσίον,
1148 769 1292 856 καθάπερ
1303 768 1390 844 τινὰς

308 868 477 953 πολεμίους
505 870 549 949 οὖς
570 870 699 954 α’ληθοός
710 922 720 953 ,
753 863 824 934 ἄλλ’
853 863 930 952 οόχί
954 867 1069 955 φίλους
1092 891 1127 934 τε
1153 866 1209 932 καί
1233 864 1410 953 ἦγεμόνας5

309 970 521 1046 ἀπεκτονότες.
1106 962 1113 988 ’

390 1069 439 1151 ιζ.
478 1070 563 1136 Ἐπεί
580 1073 615 1135 δὲ
635 1070 746 1145 αδτοῖς
760 1064 801 1133 τα
816 1070 873 1154 τῆς
895 1064 1084 1155 μιαιφονίας
1106 1060 1309 1153 ἀπείργαστο,
1336 1071 1393 1133 καί

307 1166 342 1239 τό
364 1168 543 1235 οἷνοιδαῖνον
557 1171 635 1244 τέως
652 1172 709 1254 τῆς
732 1168 856 1253 γνοόμης
878 1166 934 1231 καί
951 1163 1165 1253 ὀργιζόμενον,
1189 1168 1231 1254 τῷ
1250 1165 1391 1249 ἀποπλη·

307 1272 427 1353 σθῆναι
443 1265 500 1352 τὴν
518 1265 712 1349 ἐπιθυμίαν,
733 1263 901 1354 όποχαλᾷν
920 1263 1024 1330 ἐδόκει
1042 1264 1099 1329 καί
1120 1266 1390 1350 περιστέλλεσθαι,

157 1416 170 1432 .
235 1406 238 1419 .
307 1367 376 1439 τότε
389 1370 428 1453 δὴ
443 1365 540 1448 μόνον
556 1362 592 1431 τό
611 1368 756 1453 πραχθὲν
778 1368 831 1453 ἐφ’
851 1366 939 1453 αὑτῷ
962 1365 1223 1445 διασκοποῦντες,
1248 1364 1432 1446 ἅνελυγί-ιο

308 1468 491 1549 ζοντα,καί
513 1464 657 1545 ξυνίεσαν
676 1464 784 1541 ὁποῖος
809 1465 922 1539 αδτοϊς
941 1462 1114 1550 ἀνέρ’ριπτο
1142 1463 1255 1546 κόβος,
1282 1456 1333 1527 ότι
1352 1488 1389 1527 τε

307 1562 367 1630 οόκ
381 1568 413 1644 ἐς
435 1562 562 1651 μακρόν
576 1560 706 1649 ἥξουσιν
731 1563 762 1627 οἱ
776 1560 938 1645 Ῥωμαῖοι
957 1560 1233 1648 τιμωρησειλιντες,
1263 1560 1320 1626 καί
1336 1556 1389 1625 ὅτι

309 1662 429 1741 αότοός
447 1667 559 1728 ἐκεῖνον
585 1657 622 1726 σό
623 1686 647 1746 χ
661 1662 900 1747 όποστὴσονται.
920 1658 1081 1746 τοιγάρτοι
1106 1657 1292 1747 ἀναφανδόν
1306 1654 1390 1725 οἷπο-

275 1762 453 1857 (ἱστάντες,
472 1759 696 1848 προσεχώρουν
715 1768 782 1839 τοῖς
801 1747 963 1846 Πίρσαις,
984 1757 1041 1825 καί
1051 1757 1286 1845 ἐπρεσβεύοντο,
1306 1758 1388 1823 aino-

281 1942 283 1949 Α
307 1862 464 1945 δέχεσθαί
476 1884 511 1927 τε
535 1861 621 1947 σφᾶς
638 1857 832 1940 αἰτούμενοι,
861 1857 917 1924 καί
941 1859 986 1935 ὥς
1011 1856 1049 1944 δὴ
1065 1855 1223 1942 κατηκόοις
1242 1856 1431 1925 τολοιπόνιό

310 1959 487 2047 ἐπαρήγειν.
514 1958 634 2025 τοότονν
650 1960 685 2023 δὲ
699 1955 846 2024 ἁπάντων
862 1967 928 2033 τοῖς
942 1960 1006 2023 τεόν
1014 1957 1188 2039 Ῥωμαίων
1204 1963 1390 2042 στρατηγοῖς

310 2058 566 2145 ἀπηγγελμένων,
595 2058 804 2141 ἐχαλέπαινον
818 2059 878 2139 μὲν
904 2057 969 2139 οἵγε
989 2055 1045 2124 καί
1062 2054 1278 2142 ἐδυσφόρουν,
1298 2056 1391 2118 τίσα-

307 2164 388 2225 σθαι
403 2160 440 2223 δὲ
454 2158 632 2243 παραυτίκα
652 2154 728 2231 τοδς
743 2152 965 2238 Μισιμιανοός
983 2156 1021 2219 osi
1032 2155 1120 2236 μάλα
1134 2154 1301 2239 η’δόναντο,
1321 2175 1390 2218 πιε-

308 2254 435 2338 ζόμενοι
449 2259 490 2344 τῇ
507 2259 582 2343 περί
600 2258 655 2321 τοῦ
670 2254 816 2337 μείζονος
829 2254 973 2345 ἆσχολιλρ.
1001 2247 1062 2341 ἤδη
1078 2253 1138 2340 γὰρ
1155 2252 1173 2319 ό
1194 2248 1390 2337 Ναχοραγόν

307 2353 454 2441 ἑξήκοντά
476 2378 538 2420 που
555 2356 706 2438 χιλιάδας
722 2353 875 2437 μαχίμων
891 2354 1015 2440 ἀνδρῶν
1031 2351 1242 2437 ἑπαγόμενος,
1264 2350 1319 2415 ε’πί
1328 2347 1433 2434 suono

306 2458 417 2545 Νῆσον
437 2450 570 2544 ἐφοίτα,
598 2457 652 2521 ἵνα
672 2453 841 2542 Μαρτῖνός
859 2477 892 2519 τε
916 2450 973 2518 καί
991 2452 1158 2530 Ἰουστῑνος
1177 2450 1195 2518 ό
1216 2453 1388 2537 Γερμανοῦ

376 2593 398 2630 s.
417 2573 530 2646 δρσοδί
550 2592 580 2639 ης
596 2576 640 2638 lt,
655 2557 819 2644 δρσοθιλρας
835 2572 906 2643 vulg.
1011 2576 1035 2629 t
1055 2575 1123 2630 τέως
1136 2590 1189 2626 om.
1208 2577 1236 2626 R.
1255 2580 1284 2625 et
1300 2574 1386 2660 Iutpr.

375 2661 416 2702 ro.
436 2644 499 2698 τότε
518 2592 549 2697 τίς
569 2646 597 2696 R.
669 2641 716 2714 ἐφ’
733 2643 810 2712 αότρλ
827 2645 874 2708 lis,
893 2642 939 2714 ἐφ’
955 2641 1046 2712 tumui
1061 2644 1134 2714 vulg.
1208 2663 1247 2699 ιι.
1268 2641 1386 2714 ἀνέρ’ρι-

372 2729 428 2767 πτο
447 2717 561 2778 correxi,
576 2711 793 2785 dridpfsnsasR,
808 2709 959 2786 ὲνίρῤιτιτο
973 2714 1043 2784 vulg.
1101 2733 1141 2768 ru.
1152 2718 1387 2786 τιμωρησείοντες

371 2785 412 2846 lt,
424 2783 631 2855 τιμωρήσοντες
644 2783 715 2853 vulg.
771 2799 811 2852 ιγ.
825 2780 1031 2854 τίπηγγεμίνωκ
1041 2779 1099 2852 sph.
1108 2786 1164 2836 Par.
1216 2803 1256 2840 uo.
1264 2785 1313 2837 Pro
1330 2783 1387 2836 είκ-

372 2850 450 2926 δρολν
460 2856 489 2906 R.
508 2855 644 2925 Περσῶν.
679 2871 720 2908 ns.
737 2851 890 2912 Ἰουστῑνος
902 2855 932 2906 it
944 2856 1074 2925 etIutpr.,
1089 2851 1292 2913 Ἰοσστινιανδς
1312 2854 1385 2926 vulp

304 2969 334 3018 et
357 2961 428 3016 filios
453 2970 481 3016 et
503 2963 623 3036 reliquos
643 2979 751 3029 omues,
779 2964 834 3016 nisi
851 2965 912 3034 quis
931 2963 1001 3016 forte
1025 2979 1075 3034 per
1099 2963 1244 3017 editiorem
1261 2966 1383 3087 nlipuarn

302 3035 412 3087 ianuam
436 3043 484 3087 aut
505 3035 560 3088 alio
585 3036 679 3106 aliquo
695 3034 777 3088 modo
807 3035 876 3099 elam
893 3037 1028 3088 erasisset.
1066 3035 1138 3086 Haec
1166 3051 1227 3087 cum
1256 3053 1300 3087 see
1313 3039 1383 3090 erati

301 3112 518 3176 perpetrassent,
547 3113 667 3158 mortuos
691 3105 859 3174 spoliarunt,
884 3108 1044 3176 reliquaque
1071 3107 1164 3158 omnia
1181 3121 1275 3158 eorum
1292 3107 1383 3171 bona,

301 3183 333 3228 et
348 3183 490 3244 praeterea
508 3177 590 3228 etism
615 3177 715 3246 regium
738 3176 883 3244 pecuniam
899 3177 1084 3244 diripuerunt,
1108 3191 1169 3229 oum
1188 3193 1235 3230 ess
1251 3184 1384 3248 tunquam

299 3242 394 3366 hopes
418 3244 551 3318 quosdam
573 3262 679 3310 resera,
704 3263 761 3299 nou
787 3252 878 3300 suurn
901 3257 933 3301 ut
957 3247 1058 3300 amieos
1083 3254 1112 3300 et
1129 3246 1210 3300 duces
1226 3263 1306 3310 suos,
1332 3247 1382 3300 in·
1491 3256 1495 3268 '

298 3315 480 3372 teretissent.

374 3401 412 3456 ιγ.
431 3387 606 3458 Posteaquam
618 3393 800 3456 versperaosa
813 3387 868 3440 iarn
885 3387 971 3438 atroci
987 3383 1039 3440 hae
1054 3394 1141 3457 strage
1158 3386 1382 3450 excandescentia

300 3453 351 3507 ills
374 3456 526 3508 animorum
543 3464 626 3529 atque
644 3460 685 3510 ira
703 3457 847 3510 videbatur
864 3455 1033 3510 deferbuisse
1062 3457 1210 3528 sedataque
1229 3473 1301 3520 esse,
1329 3472 1381 3508 ex-

301 3525 377 3596 pleto
394 3527 524 3578 uiurirum
542 3545 625 3596 pravo
651 3529 772 3596 ipsorum
788 3527 941 3591 desidesi03
964 3531 1022 3578 turn
1043 3526 1149 3579 nudum
1172 3527 1203 3577 iu
1226 3543 1256 3579 se
1278 3526 1381 3594 facturn

300 3595 517 3659 considerantes,
534 3614 626 3650 seeum
637 3603 798 3666 reputarunt
814 3607 896 3667 utque
913 3597 1117 3660 intellexerunt,
1129 3597 1219 3669 qualis
1234 3596 1294 3648 alea
1311 3597 1381 3663 ipsis

301 3675 374 3718 esset
392 3668 474 3734 iuets;
494 3666 569 3736 quod
589 3683 624 3719 ue
643 3683 699 3719 non
723 3667 811 3719 multo
827 3674 891 3736 post
913 3667 1025 3718 Romani
1046 3675 1137 3720 essent
1159 3667 1269 3718 venturi
1295 3666 1384 3736 idque

301 3734 404 3802 ulturi;
422 3753 512 3808 neque
529 3738 583 3806 ipss
601 3737 712 3789 illorum
727 3737 783 3788 vim
800 3738 937 3788 sustinere
960 3735 1080 3805 possent.
1122 3735 1258 3805 Quocirca
1284 3744 1382 3806 aperta

302 3799 458 3860 desectione
482 3807 573 3870 saeta,
590 3809 682 3859 Persas
696 3803 825 3858 adierunt
848 3814 877 3858 et
894 3812 1012 3858 oratores
1036 3808 1169 3860 miserunt
1178 3844 1186 3870 ,
1210 3807 1384 3877 postulantes

300 3878 334 3922 ut
353 3874 434 3943 ipsos*
445 3877 562 3930 tuendos
580 3877 766 3942 susciperent,
784 3882 813 3926 et
829 3881 958 3947 tanquam
974 3877 1091 3930 subditis
1110 3875 1239 3945 deinceps
1257 3877 1382 3945 opitula-

301 3951 403 3997 rentur.
438 3946 511 4000 Haee
532 3965 596 4001 vero
623 3947 714 3998 omnia
740 3953 916 4017 posteaquam
938 3948 1118 4000 Rornanorum
1145 3948 1289 4016 praesectis
1314 3953 1382 3999 suut

299 4013 472 4079 renuntiata,
489 4018 603 4089 indigue
621 4015 734 4089 quidem
750 4032 782 4068 es
806 4015 1050 4102 molestissimeque
1065 4018 1204 4081 tulerunt,
1221 4017 1319 4069 ulcisci
1335 4023 1380 4069 ts-

298 4098 396 4135 mene
420 4087 533 4156 vestigio
561 4105 618 4142 non
635 4088 700 4140 satis
718 4093 865 4156 poterant,
888 4095 1067 4157 oeeuputrone
1094 4088 1165 4139 eires
1188 4087 1299 4140 maioris
1316 4104 1381 4140 rno-

260 4193 262 4203 ,
299 4153 387 4206 menti
405 4169 461 4207 rem
478 4157 641 4225 praepediti.
676 4158 733 4209 Iam
756 4158 831 4210 enim
850 4155 1025 4228 Nathorsgan
1049 4158 1190 4226 sexaginta
1211 4157 1381 4210 bellatumn

300 4223 387 4280 suillis
413 4223 449 4278 ad
471 4226 590 4280 Insulsrn
613 4226 758 4293 ductabat,
788 4234 871 4299 quens
895 4227 1030 4284 Martinus
1053 4237 1082 4284 et
1103 4227 1224 4282 lustinus
1249 4226 1382 4283 Germani
