3109 4950
356 380 439 467 230
802 402 1014 470 torrurrn
1346 490 1353 514 ι

21 500 27 537 ι

21 542 26 681 β
209 584 238 639 Α,
258 584 348 641 ο,555
439 557 484 626 ui.
523 558 706 645 Εἶρημένων
723 558 759 621 δὲ
782 556 839 621 καί
857 554 977 622 τούτων
997 554 1014 620 ό
1038 550 1237 631 Ἀθανάσιος
1256 552 1292 618 τό
1310 557 1368 636 μὲν
1381 581 1434 619 πα-

255 658 492 747 ω»Ἦλραυτίκα
505 652 564 739 οόχ
580 650 679 740 ἧσσον
694 651 769 733 τοός
795 655 977 722 Ῥουστόωυ
997 651 1164 737 ἀπεδέχετο
1181 649 1302 737 λόγους.
1330 653 1436 717 συστέ-

355 782 413 844 σης
432 758 467 821 δὲ
486 757 541 819 καί
556 757 605 830 δίς
619 753 770 838 ἀγωνίας,
792 752 900 837 ἐπειδὴ
917 751 1038 818 ἅπαντα
1059 755 1092 828 ἐς
1111 750 1147 816 τό
1171 746 1299 836 ἀκριβὲς
1317 776 1432 833 γνωμα-

316 865 318 875 “
358 855 460 921 τεόων
474 852 529 917 κατ’
545 850 812 939 ἀνερευνῶμενος,
841 846 935 918 οόδέν
959 876 991 914 τι
1019 846 1106 941 αὐτῷ
1123 852 1251 936 έναργὲς
1274 851 1436 935 προδοσίας
1536 925 1537 930 ¹

322 948 379 1039 ῃῆ
396 951 581 1039 τυραννίδος
609 950 785 1035 ἐγχείρημα
802 949 1009 1035 ἡμαρτῆσθαι
1030 947 1092 1013 ἀπό
1114 950 1170 1012 rod
1190 951 1222 1013 Γ
1220 946 1356 1030 ουβάζου
1373 948 1453 1020 itt-5

21 1108 23 1165 η
356 1054 474 1133 δεικτο,
502 1040 612 1124 ἀδικος
632 1051 666 1113 δὲ
693 1051 814 1130 μᾶλλον
833 1034 1205 1134 καίπαρανομῶτατοςό
1233 1044 1328 1133 φόνος
1353 1071 1431 1145 γεγε-
1536 1059 1537 1066 ’

354 1153 504 1237 νημένος,
535 1146 579 1225 ῶς
596 1149 716 1232 καὶτῆς
734 1149 789 1212 ἐπί
804 1145 862 1232 τὴν
888 1145 1072 1233 Ὀνόγουριν
1089 1146 1299 1231 συστρατείας
1321 1145 1359 1209 od
1374 1172 1432 1229 μη-

355 1248 471 1330 δισμοῦ
489 1246 585 1333 χάριν
611 1241 898 1333 ἀπαγορευθείσης,
934 1244 1013 1311 ἀλλά
1035 1250 1080 1334 τῷ
1098 1238 1264 1327 ἄχθεσθαί
1283 1269 1317 1328 γε
1342 1242 1435 1309 αότδν

353 1346 434 1414 κατά
452 1348 514 1412 τῶν
532 1347 732 1431 στρατηγῶν,
774 1339 848 1409 ἀνθ’
870 1336 916 1410 ῶν
940 1347 1041 1431 αδτῆς
1074 1346 1128 1409 καί
1151 1338 1362 1431 ἀπεστέρηντο
1386 1340 1438 1432 ῥηι-

353 1445 453 1537 στῶνηη
484 1448 582 1534 πολλῇ
606 1444 660 1511 καί
681 1444 824 1534 έκμελείρι
848 1448 1090 1527 κεχαυνωμένον·
1120 1442 1228 1529 ἐπειδη
1260 1437 1317 1507 οάν
1337 1445 1470 1510 rasitata

340 1547 535 1631 ’έγίγνωσκε,
556 1542 628 1609 τότε
647 1546 685 1629 δη
701 1568 737 1609 το
752 1569 813 1626 μεν
831 1569 882 1609 sur
904 1544 1062 1633 Μαρτίνφ
1076 1548 1208 1627 λεχθὲν,
1239 1543 1282 1620 ῶς
1305 1535 1369 1630 ἀρα
1386 1545 1438 1605 καί

353 1645 458 1733 ἐκεινῳ
478 1643 577 1729 μετῆν
592 1644 656 1709 τῶν
682 1646 715 1721 ἐς
738 1646 830 1709 τοῦτο
855 1646 1131 1727 βεβουλευμένων,
1160 1638 1296 1708 ἀνοίσειν
1320 1648 1444 1725 βασιλεῖ
1536 1673 1537 1678 ¹

352 1746 512 1808 διενοεῖτο.
532 1750 598 1818 τοῖς
613 1766 648 1825 γε
661 1739 725 1825 μὴν
744 1738 781 1804 τό
799 1735 1001 1808 ἀπεκτονέναι
1025 1746 1207 1828 περιφανῶς
1232 1740 1440 1825 ῶμολαγηκόσι
1536 1743 1537 1818 3

354 1842 457 1928 κρίσίν
473 1842 585 1926 ἐπῆγεν
601 1841 818 1926 ἀνάγραπτον,
846 1842 880 1906 ἐν
899 1832 922 1927 ᾗ
941 1842 1081 1905 διέταττε
1096 1843 1216 1905 θᾶττον
1237 1835 1353 1915 αότοδς
1372 1841 1441 1901 διοι-
1536 1859 1537 1910 η

260 1941 534 2025 Ρ,1γοφδαρῆναι,
570 1936 632 2004 ἀπὸ
657 1936 716 2023 την
744 1937 937 2033 δικαστικηη·
945 1937 1115 2024 μάχαιραν
1136 1940 1351 2022 γιγνομένους,
1386 1938 1476 2008 salii

351 2035 411 2115 τάς
425 2036 566 2125 κεφαλὰς
584 2032 849 2125 ἀφαιρουμένους.
872 2036 927 2103 καί
944 2035 975 2104 οἶ
992 2042 1054 2122 μὲν
1071 2036 1126 2102 ἐπί
1140 2046 1206 2114 τοῖς
1226 2037 1351 2122 ὀρεῦσιν
1364 2030 1441 2121 ἦμεν

351 2158 418 2219 νοι,
439 2135 495 2201 καί
512 2132 571 2201 ἀνὰ
591 2134 651 2213 τός
668 2135 849 2224 λεωφόρους
872 2139 1143 2225 περιενεχθέντες,
1164 2140 1309 2220 μέγιστον
1334 2133 1461 2216 θέαμα’

350 2244 417 2312 τοῖς
438 2234 580 2321 Κόλχοις
606 2230 689 2301 εἶναι
715 2234 865 2319 ἐδόκουν,
901 2236 955 2302 καὶ
978 2238 1125 2322 πλείστης
1157 2231 1244 2313 ἀξιον
1269 2229 1442 2317 εὐλαβείας.

354 2335 548 2421 ἒτεθηπεσόν
566 2359 601 2401 τε
624 2338 679 2401 καί
704 2334 758 2401 ε’πί
779 2339 824 2423 τῷ
846 2333 957 2422 κη’ρυκι
972 2334 1068 2421 τυρόν
1090 2358 1123 2398 τι
1145 2334 1233 2415 μάλα
1251 2337 1366 2416 βοῶντι
1387 2332 1445 2397 καί

352 2434 551 2522 διαπρύσιον,
572 2437 629 2499 καί
648 2439 865 2522 παρεγγυῶντι
881 2437 1018 2500 δεδιέναι
1035 2432 1111 2510 τοός
1128 2431 1253 2516 νόμους,
1271 2430 1326 2498 καί
1337 2431 1481 2519 φόνωνοο

353 2531 469 2598 itatem
489 2527 675 2615 ἀπέχεσθαι.
716 2535 787 2600 ε’πεί
809 2536 845 2597 δὲ
868 2534 977 2608 αὐτοῖς
998 2531 1053 2597 καί
1064 2533 1274 2616 ἀπετέτμηντο
1291 2529 1321 2595 οἱ
1342 2526 1444 2612 αάχέ-

426 2636 447 2671 r.
468 2619 521 2688 εἰρ.
536 2618 567 2670 δὲ
582 2634 606 2669 ιι.
626 2617 701 2669 τοδε.
721 2619 882 2681 Β.,τοιι’των
903 2616 993 2676 οὕτως
1012 2621 1169 2689 εἰρημένων
1184 2620 1254 2688 vulg.
1326 2635 1350 2671 a.
1370 2617 1442 2667 ἀπε-

422 2685 521 2755 δέχετο
539 2691 579 2751 lt,
596 2691 733 2757 προσίετο
749 2689 820 2760 vulg.
839 2697 868 2742 et
889 2691 972 2757 Intpr.
991 2687 1111 2741 admisit.
1228 2690 1254 2742 5.
1270 2688 1321 2741 Pro
1344 2688 1443 2755 ἐγχεί-

319 2777 331 2791 ·
423 2771 499 2826 ρημα
517 2759 547 2813 R.
573 2757 790 2828 ἐπεχειρῆσθαι.
874 2763 901 2814 6.
916 2759 1167 2830 παρανομώτατον
1182 2759 1214 2818 Β.
1320 2757 1444 2814 λαπα-

420 2827 591 2896 γορευθείσε
610 2829 640 2879 R.
670 2828 806 2882 constanti
833 2829 892 2886 lere
915 2830 1011 2886 vitio..
1057 2846 1105 2898 p
1124 2830 1174 2880 Pro
1197 2825 1265 2882 ἀνθ’
1283 2815 1324 2880 ῶν
1341 2829 1371 2878 Β.
1389 2826 1444 2879 ἀκ-

421 2893 544 2954 adreve-
660 2916 700 2968 ιη.
719 2901 848 2950 θεᾶσθαι
866 2902 895 2951 tt.
994 2917 1033 2971 ¹9·
1052 2898 1206 2962 tradituros
1224 2901 1253 2950 It.
1273 2899 1322 2968 qui
1339 2899 1444 2966 passim

418 2981 468 3034 pro
486 2983 523 3018 αν
539 2965 643 3020 finalis
660 2968 748 3038 ponit.
838 2987 881 3026 at.
899 2965 1069 3041 ἀπέχεσθαι.
1087 2974 1175 3041 lntpr.
1205 2968 1284 3022 addit
1299 2967 1444 3022 ἕκαστονε

357 3099 359 3106 y
419 3049 451 3090 ut
470 3037 518 3090 vel
533 3036 642 3108 singuli
658 3039 837 3108 abstinerent
1043 3102 1046 3110 .

359 3146 364 3174 .·
423 3140 461 3176 rr.
498 3123 547 3176 His
571 3124 611 3176 ita
628 3127 779 3194 peroratis,
808 3125 969 3179 Athanasius
987 3125 1070 3180 initio
1093 3125 1205 3195 quidem
1232 3122 1323 3181 nihilo
1346 3124 1447 3176 minus

348 3194 453 3246 Rustici
475 3193 554 3246 dictis
572 3211 664 3248 aurem
683 3195 918 3261 accommodabat,
942 3196 1142 3249 consultatione
1164 3211 1229 3248 vero
1257 3195 1448 3264 disoeptatio-

348 3280 439 3332 aeque
459 3264 501 3314 bis
525 3263 658 3316 eadere
683 3263 796 3330 habita,
821 3283 881 3318 cum
903 3268 963 3334 ipse
981 3268 1073 3321 omnia
1092 3267 1242 3321 accuratius
1260 3266 1449 3334 expendisset
1536 3280 1537 3295 ¹

349 3342 432 3403 atque
452 3334 657 3404 investigasset,
674 3339 762 3391 visum
779 3336 806 3387 ei
823 3345 866 3388 est
883 3338 988 3388 nullam
1003 3353 1020 3386 a
1049 3329 1159 3388 Gubaze
1178 3335 1369 3404 proditionem
1391 3342 1450 3388 aut
1536 3338 1537 3341 ’

348 3403 519 3468 tyrannidem
540 3412 661 3473 apertam
678 3414 813 3460 tentatam
831 3407 931 3470 inisse,
950 3423 981 3458 ao
997 3406 1112 3474 proinde
1133 3405 1244 3459 caedem
1261 3407 1360 3474 inique
1383 3422 1446 3456 ne-

349 3473 473 3544 arteque
496 3482 697 3543 perpetratam:
725 3475 798 3528 adeo.
816 3485 848 3528 ut
872 3476 948 3548 quod
969 3477 1061 3545 copias
1081 3493 1144 3528 suas
1170 3475 1205 3527 ad
1224 3493 1298 3544 oppu
1337 3473 1451 3528 andam

349 3543 489 3612 Onoguriu
518 3561 580 3596 oum
609 3548 648 3597 eis
673 3549 839 3616 coniungere⁴
871 3547 1051 3610 recusaverit,
1082 3564 1138 3601 non
1172 3547 1257 3615 ipsius
1283 3564 1300 3596 a
1340 3545 1451 3596 Medos

348 3614 467 3666 deiectio
488 3611 517 3664 in
536 3631 614 3666 causa
633 3616 739 3679 luerit,
756 3615 806 3669 sed
826 3616 900 3687 quod
916 3617 1063 3686 praelectis
1082 3617 1216 3670 exercitus
1234 3616 1376 3668 infensior
1394 3632 1452 3666 es-

348 3691 403 3748 set,
424 3683 498 3755 quod
517 3683 626 3736 illorum
649 3685 775 3738 vecordia
801 3696 830 3739 et
848 3688 1015 3756 negligentia
1040 3688 1272 3757 propugnaculum
1296 3686 1370 3738 illud
1393 3702 1454 3736 es-

349 3762 390 3804 set
416 3757 550 3806 amissum.
597 3754 705 3823 Quibus
733 3756 814 3808 rebus
844 3757 970 3809 omnibus
995 3757 1122 3824 aiudiee
1142 3757 1275 3826 cognitis,
1302 3756 1337 3808 de
1363 3755 1455 3806 Mar-

347 3824 407 3874 tiuo
439 3825 513 3892 quod
541 3824 642 3878 dictum
670 3821 776 3889 fuerat,
807 3827 888 3878 etiam
917 3829 1007 3897 ipsum
1036 3830 1173 3878 conscium
1205 3828 1291 3883 fuisse
1318 3826 1455 3893 partiei-

347 3908 464 3960 pomque
492 3893 590 3948 horum
614 3897 812 3964 consiliorum,
838 3895 874 3947 ad
901 3898 1094 3964 Imperatorem
1120 3895 1293 3950 referendum
1318 3898 1454 3947 censuit.

347 3961 390 4011 De
412 3960 486 4014 hisee
518 3983 582 4018 vero
605 4005 612 4030 ,
642 3975 739 4036 utpote
767 3976 861 4036 aperto
884 3968 995 4019 eaedem
1018 3967 1052 4018 ah
1081 3985 1109 4020 se
1133 3975 1316 4034 perpetratam
1346 3966 1457 4029 fassis,

348 4049 382 4086 ea
398 4033 497 4098 scripto
515 4038 677 4090 sententiam
705 4038 782 4100 tulit,
811 4055 865 4107 qua
882 4036 1035 4101 mandarit,
1070 4048 1102 4090 ut
1120 4039 1318 4107 quamprimum
1345 4037 1456 4088 inter·-

347 4104 505 4164 licereutur,
528 4113 556 4156 et
580 4107 669 4174 gladio
694 4108 819 4160 iudiciali
839 4108 967 4159 submissi
992 4109 1081 4177 capite
1106 4116 1303 4162 truncarentur.
1341 4106 1453 4175 Atque

346 4172 376 4224 ht
394 4168 507 4241 quidem
525 4176 607 4226 mulis
625 4177 785 4240 insidentes,
808 4187 835 4228 et
849 4195 899 4246 per
913 4177 1036 4246 publicas
1048 4180 1105 4230 vias
1124 4178 1297 4230 circumvecti
1313 4177 1455 4228 maximo

346 4242 454 4293 Colchis
472 4245 624 4307 spectaculo
639 4247 791 4317 terrorique
808 4247 894 4298 futuri
910 4248 1082 4300 videbantur.
1118 4247 1340 4298 Peroellebantur
1359 4247 1456 4298 enim

345 4327 409 4365 voce
426 4314 569 4382 praeconis
588 4315 672 4368 altum
691 4315 912 4388 horrendumque
929 4321 959 4370 in
974 4317 1084 4371 modum
1100 4316 1309 4388 proclamantis,
1328 4323 1452 4370 etmo-
