3109 4950
343 368 426 455 230
790 391 1001 459 scarum:

195 573 224 628 5,
245 573 273 625 c,
284 572 335 631 555
426 545 471 614 ια’.
511 546 693 634 Εἰρημένιον
710 546 745 609 δέ
769 544 826 609 καί
845 542 964 610 τοότων
984 542 1001 608 ό
1024 537 1223 619 Ἀδανάσιος
1243 539 1279 605 τό
1296 543 1357 622 μὲν
1371 567 1430 606 πα-

242 646 291 699 1·¹·
302 646 478 735 29ραυτίκα
492 641 552 728 οάχ
567 638 665 728 ἧσσον
681 640 756 721 νοός
782 643 964 709 Ῥουστίκου
984 638 1151 725 ἀπεδέχετο
1169 637 1288 724 λόγους.
1316 640 1431 704 συστά-

342 770 400 832 σης
419 747 454 810 δὲ
473 744 528 808 καί
543 746 591 819 δίς
606 740 757 826 ἀγωνίας,
778 739 887 825 ἐπειδὴ
904 738 1025 806 ἅπαντα
1046 743 1079 815 ἐς
1098 737 1134 803 τό
1159 732 1285 823 ἀκριβές
1303 762 1427 820 γνωμα-

303 852 306 863 “
345 844 446 909 asima
460 840 516 907 καί
532 838 799 927 ἀνερευνῶμενος,
828 834 923 904 sitta
946 862 979 902 τι
1006 833 1093 927 αὐτῷ
1111 839 1238 922 έναργὲς
1261 837 1429 921 προδοσίας

309 937 365 1028 ni
384 940 568 1027 τυραννίδος
597 937 771 1023 ἐγχείρημα
789 937 996 1023 ἡμαρτῆσθαι
1017 934 1080 1001 sini
1101 938 1158 1000 τοῦ
1177 938 1209 1000 Γ
1208 932 1344 1017 ουβάζου
1362 934 1446 1007 έδέ-5

343 1044 462 1121 δεικτο,
490 1028 598 1113 ἀδικος
618 1040 653 1102 δὲ
680 1040 801 1119 μᾶλλον
820 1021 1192 1122 καίπαρανομῶτατοςό
1219 1030 1315 1120 φόνος
1341 1058 1424 1117 γεγε-

341 1142 491 1225 νημένος,
522 1134 566 1212 ῶς
583 1138 637 1200 καί
649 1137 703 1219 τῆς
720 1137 775 1201 tut
791 1133 849 1219 τὴν
875 1132 1058 1221 Ὀνόγοοριν
1077 1132 1285 1218 συστρατείας
1308 1132 1346 1195 οδ
1362 1157 1425 1216 μη-

342 1237 458 1318 δισμοῦ
475 1234 571 1322 χάριν
598 1229 885 1321 ἀπαγορευδεισης,
921 1232 1000 1298 ἀλλά
1023 1237 1067 1322 τῷ
1086 1226 1251 1315 ἄχθεσθαί
1270 1256 1304 1315 γε
1329 1228 1427 1295 αάτόν

340 1334 421 1403 κατά
439 1336 502 1401 τῶν
520 1336 719 1420 στρατηγῶν,
761 1326 835 1398 ἀνθ’
857 1324 903 1398 ῶν
927 1334 1029 1418 αὐτῆς
1061 1333 1115 1397 καί
1138 1326 1349 1417 ἀπεστέρηντο
1375 1327 1430 1418 ῥηι-

340 1433 441 1525 στῶνη
471 1436 569 1522 πολλῇ
593 1432 647 1499 καί
668 1432 811 1523 έκμελείρι
835 1434 1076 1515 κεχαυνωμένον
1107 1428 1215 1515 ἐπειδὴ
1248 1423 1304 1495 σόν
1325 1431 1460 1497 tacituro

892 1532 1049 1620 Μαρτίνιρ
1064 1534 1196 1614 λεχθὲν,
1225 1530 1269 1608 ῶς
1293 1522 1357 1617 ἀρα
1375 1532 1428 1593 καί

340 1633 446 1721 έκείνφ
465 1632 564 1718 μετῆν
579 1630 643 1697 τῶν
669 1634 703 1708 ἐς
724 1633 817 1697 τοῦτο
842 1632 1118 1716 βεβουλευμένων,
1147 1625 1283 1695 ἀνοίσειν
1308 1634 1434 1712 βασιλεῖ

339 1735 499 1796 διενοεῖτο.
519 1739 586 1807 τοῖς
601 1754 635 1813 γε
647 1728 712 1813 μὴν
731 1724 767 1793 τό
786 1724 988 1796 ἀπεκτονέναι
1012 1734 1194 1816 περιφανῶς
1219 1727 1430 1812 ῶμολογηκόσι

341 1830 445 1916 κρίσιν
460 1830 572 1913 ἀπῆγεν
588 1829 805 1913 ἀνάγραπτον,
833 1830 867 1892 έν
886 1820 909 1915 ᾗ
928 1830 1068 1892 διέταττε
1083 1830 1203 1892 θᾶττον
1224 1822 1341 1903 αὖτοὺς
1360 1828 1430 1889 δια-

248 1928 522 2013 Μγοφθαρῆναι,
557 1924 620 1992 ἀπὸ
645 1924 703 2011 τὴν
731 1924 1102 2021 δικαστικὴνμάχαιραν
1124 1927 1340 2009 γιγνομένους,
1376 1925 1465 1995 uuiti

338 2024 398 2103 τὰς
412 2024 553 2112 κεφαλὰς
571 2020 836 2113 ἀφαιρουμένους.
859 2023 914 2091 καί
931 2023 962 2090 oi
980 2028 1042 2109 μέν
1059 2023 1114 2090 ἐπί
1127 2033 1193 2102 τοῖς
1214 2024 1340 2109 ὀρεῦσιν
1353 2017 1429 2108 ἥμε-

338 2148 406 2207 νοι,
426 2123 482 2189 καί
499 2119 559 2189 ἀνά
579 2122 637 2200 τάς
655 2122 836 2212 λεωφόρους
859 2126 1131 2212 περιενεχθέντες,
1151 2128 1297 2207 μέγιστον
1322 2120 1449 2203 θέαμαΙ

337 2232 405 2300 τοῖς
425 2222 567 2308 Κόλχοις
594 2218 676 2288 εἶναι
702 2222 852 2307 ἐδόκουν,
888 2224 943 2289 καί
966 2225 1112 2310 πλείστης
1144 2218 1232 2300 ἀξιον
1257 2216 1429 2305 εάλαβείας.

341 2322 535 2408 έτεθὴτιεσάν
553 2346 588 2389 τε
612 2326 667 2389 καί
691 2322 745 2389 ἐπί
767 2326 811 2411 τῷ
834 2320 945 2409 κηρυκι
960 2321 1055 2409 τορόν
1077 2346 1111 2386 τι
1133 2322 1220 2403 μάλα
1239 2324 1354 2405 βοῶντι
1375 2319 1431 2383 καί

339 2421 538 2508 διαπρύσιον,
560 2425 616 2487 καί
636 2427 852 2509 παρεγγυῶντι
869 2425 1005 2488 δεδιέναι
1023 2420 1099 2498 τοός
1116 2418 1241 2504 νόμους,
1259 2418 1314 2484 καί
1325 2419 1467 2507 φόνωναο

1363 2512 1373 2536 ἱ

340 2519 457 2586 ἀδίκων
476 2515 663 2603 ἀπέχεσθαι.
704 2523 774 2586 iusi
796 2524 832 2585 di
855 2520 964 2596 αὐτοῖς
985 2518 1040 2584 καί
1052 2521 1262 2604 ἀπετέτμηντο
1279 2516 1309 2584 oi
1330 2518 1430 2599 αυχέ-

413 2624 435 2659 ι.
455 2607 509 2676 sip.
523 2605 554 2658 di
569 2622 594 2657 κ.
613 2605 689 2657 τοδτ.
709 2606 870 2670 Η.,τοότων
891 2603 980 2662 οὕτως
999 2607 1157 2675 ελρημίνων
1172 2607 1242 2676 vuig.
1314 2623 1338 2658 a.
1356 2604 1427 2654 sias-

409 2673 508 2743 δέχετο
527 2678 567 2739 lt,
584 2679 721 2746 προσίετο
737 2677 808 2747 vulg.
826 2683 855 2728 et
877 2678 960 2745 Intpr.
979 2674 1099 2728 admisit.
1216 2677 1241 2730 5.
1258 2675 1309 2728 Pro
1332 2675 1428 2741 ἐγχεί-

313 2765 318 2773 ·
411 2759 486 2815 ρημα
504 2747 534 2802 ii.
560 2744 776 2815 ἐπιχειρεῖσθαι.
862 2750 888 2801 6.
904 2746 1155 2817 παρανομώτατον
1171 2747 1202 2804 R.
1308 2744 1428 2801 δάπα-

407 2815 578 2885 γορευθείσε
598 2815 627 2866 R.
657 2815 793 2869 constanti
820 2816 879 2872 scra
903 2817 999 2872 vitio.¹
1045 2833 1093 2885 ⁴p
1113 2817 1162 2868 Pro
1185 2812 1253 2867 ἀνθ’
1271 2803 1312 2867 τόν
1329 2816 1357 2864 rt
1375 2813 1428 2866 rir-

408 2881 532 2942 aaroni.
648 2903 687 2956 ¹7·
707 2889 835 2938 assutas
855 2889 884 2938 it.
981 2904 1021 2958 ιφ
1040 2885 1194 2950 &radiatos
1211 2887 1241 2938 ii.
1260 2886 1310 2956 qui
1327 2884 1427 2954 passim

405 2970 455 3022 pro
474 2953 631 3007 arnualis
648 2955 736 3026 ponit.
826 2974 869 3013 as.
887 2953 1056 3029 ἀπέχεσθαι.
1075 2961 1163 3027 intpr.
1193 2955 1272 3010 addit
1287 2955 1426 3009 teucros:

407 3037 439 3078 ιιι
457 3025 505 3078 νεὶ
521 3024 629 3096 singuli
646 3027 825 3082 abstinerent

347 3135 351 3162 ,ι
410 3129 450 3164 rr.
486 3111 535 3163 iiis
559 3112 599 3162 ita
615 3115 767 3182 peroratis,
795 3113 957 3167 Athanasius
975 3114 1058 3166 initio
1081 3113 1193 3183 quidem
1220 3109 1310 3168 nihilo
1334 3111 1427 3162 minna

336 3182 442 3234 Rustici
462 3181 542 3235 dictis
560 3199 652 3236 aurem
671 3183 907 3249 accommodabam
930 3184 1130 3236 consultatione
1153 3198 1217 3234 vero
1245 3181 1427 3250 disceptatio-

337 3269 427 3321 nsque
446 3251 489 3303 bis
513 3269 545 3304 ea
565 3251 600 3304 de
617 3270 646 3305 re
671 3252 784 3318 hahita,
808 3271 869 3306 cum
891 3256 952 3323 ipse
969 3256 1061 3307 omnis
1079 3253 1230 3321 accuratius
1248 3252 1429 3321 expendisset

337 3331 421 3392 atque
440 3322 645 3392 investigasset,
662 3327 750 3378 visum
766 3324 795 3376 ei
811 3333 854 3378 est
871 3326 976 3376 nuliam
990 3341 1008 3374 a
1036 3324 1148 3376 Guhaze
1166 3322 1354 3390 proditionem
1376 3328 1428 3371 aut

336 3390 508 3457 tyrannidem
528 3401 649 3460 apertam
667 3402 801 3446 tentatam
819 3395 920 3458 fuisse,
938 3411 970 3446 ac
985 3394 1100 3462 proinde
1121 3392 1232 3446 caedem
1249 3394 1345 3462 inique
1368 3407 1424 3441 ne-

337 3461 461 3531 huicque
483 3469 686 3530 perpetratam:
713 3463 782 3516 adeo
803 3473 836 3516 ut
860 3464 936 3536 quod
958 3465 1048 3532 copias
1069 3481 1132 3516 suas
1158 3463 1193 3514 ad
1212 3459 1428 3532 oppugnandam

337 3531 478 3600 Onogurin
507 3549 568 3584 cum
597 3535 637 3585 eis
661 3536 825 3604 coniungere
860 3535 1039 3596 recusaverit,
1070 3551 1126 3588 non
1160 3534 1245 3603 ipsius
1271 3533 1307 3584 ad
1327 3531 1427 3583 Medos

337 3603 455 3654 defectio
476 3599 505 3651 in
525 3618 603 3654 causa
621 3603 727 3667 fucrit,‘
744 3603 794 3654 sed
813 3604 888 3676 quod
904 3603 1050 3673 praefectis
1070 3604 1204 3658 exercitus
1222 3604 1361 3656 infensior
1379 3617 1429 3652 es-

337 3679 392 3736 sct,
413 3671 487 3744 quod
506 3671 615 3724 illorum
638 3672 763 3724 vecordia
788 3683 818 3726 ct
836 3675 1003 3743 negligentia
1028 3675 1260 3744 propugnaculum
1284 3673 1354 3724 illud
1379 3688 1430 3723 ea-

338 3749 379 3793 ret
404 3745 539 3794 amissum.
585 3741 694 3810 Quibus
722 3744 802 3794 rebus
832 3745 958 3795 omnihus
982 3744 1110 3798 uindice
1130 3745 1263 3815 cognitis,
1290 3743 1325 3794 de
1347 3742 1430 3792 Mar-

336 3812 396 3862 tiuo
428 3812 502 3880 quod
530 3811 630 3866 dictum
658 3812 764 3876 fuerat,
795 3813 876 3865 etiam
905 3814 994 3883 ipsum
1023 3817 1161 3867 conscium
1193 3815 1279 3870 fuisse
1306 3812 1429 3882 partici-

336 3896 453 3948 pemque
481 3881 579 3936 horum
603 3884 800 3946 consiliorum,
826 3882 862 3934 ad
889 3884 1082 3952 Imperatorem
1108 3883 1281 3939 referendum
1306 3883 1428 3935 censuit.

336 3949 378 3999 De
401 3948 475 4002 hisce
507 3970 571 4006 vero
593 3993 601 4018 ‚
631 3962 728 4024 utpote
755 3962 849 4023 aperte
873 3955 983 4006 caedem
1006 3954 1041 4006 ab
1069 3973 1097 4008 sc
1121 3962 1304 4022 perpetratam
1332 3953 1430 4014 fassis,

337 4037 371 4074 cu
387 4021 486 4086 scripto
503 4025 665 4078 seutentiam
694 4025 770 4087 tulit,
799 4041 854 4093 qua
871 4023 1023 4088 mandavit,
1057 4035 1090 4077 ut
1108 4026 1306 4095 quamprimum
1332 4024 1428 4076 inter-

336 4093 494 4151 ficerentur,
517 4101 545 4144 et
569 4094 658 4161 gladio
683 4095 808 4146 iudiciali
828 4095 954 4146 submissi
980 4097 1069 4164 capitc
1095 4104 1291 4149 truncarentur.
1328 4093 1426 4162 Atque

335 4161 365 4212 hi
383 4156 495 4230 quidem
514 4163 596 4213 mulis
614 4165 773 4228 insidentes,
796 4174 824 4216 ct
838 4183 887 4233 per
901 4165 1024 4234 publicas
1037 4168 1093 4217 vias
1112 4165 1285 4218 circumvecti
1301 4164 1428 4216 maximo

335 4230 442 4282 Colchis
461 4233 613 4295 spectaculo
628 4235 779 4305 terrorique
798 4235 883 4286 futuri
899 4235 1070 4289 videbantur.
1106 4235 1328 4286 Perceilahantur
1344 4233 1428 4284 enim

334 4317 398 4354 uoce
415 4302 558 4371 praeconis
577 4303 661 4356 altum
679 4303 900 4376 horrendumque
917 4308 948 4357 in
962 4305 1072 4359 modum
1088 4303 1297 4375 proclamantis,
1317 4310 1345 4355 et
1356 4319 1424 4356 mo·
