3109 4950
365 331 450 446 278
811 311 1021 422 dommi

229 567 356 664 s‚'c.5s7
449 578 489 644 α’.
533 515 663 645 Otto
675 581 736 660 μέν
752 569 810 642 οῦν
824 578 865 642 τό
885 575 1007 658 μεγάλα
1021 575 1077 640 καί
1086 577 1268 662 όμφήριατα
1283 583 1356 664 γένη
1371 580 1447 646 κατὰ

265 667 313 788 }‚¹¹
316 669 355 791 ξδ’
363 677 400 746 τό
417 681 614 764 ivyusiesror
635 676 676 744 τό
699 671 778 742 ῦπλα
795 674 903 742 ἔθεντο
909 727 920 756 ,
955 677 1009 740 καί
1026 675 1203 759 ἠρεμοῦντα
1224 676 1280 742 ἐπί
1290 679 1448 764 μακρότα-

262 772 348 860 Visos
358 803 412 844 τον
437 781 604 860 διετέλουν,
624 775 669 854 (ός
683 779 786 860 μηδὲν
807 775 915 840 ότιοῦν
930 768 997 857 τόγε
1012 771 1194 849 ἐπ’ένειῦοις
1211 773 1358 859 ὁπότερον
1373 783 1446 862 γοῦν

363 867 470 942 αότοῦν
486 879 715 940 διαπονεῖσθαι.
724 875 760 939 ἐν
773 870 874 959 τοῦτιρ
885 873 921 936 δό
933 869 963 935 oi
975 868 1105 950 Τζόννοι
1115 870 1150 936 τό
1167 871 1271 948 ἔθνος·
1281 877 1400 940 οἰκοῦσι
1408 879 1443 940 δὲ

355 975 395 1042 τό
412 972 491 1064 πρός
502 973 588 1042 νότον
604 967 720 1055 ῦνεμον
739 974 796 1038 τοῦ
818 971 968 1049 Εὐξείνου
985 969 1119 1057 πόντου,
1139 967 1202 1036 ῦπό
1219 975 1458 1058 Τραπεζοῦντα5

356 1071 520 1159 τῆνπόλιν·
542 1065 627 1141 οῦτοι
637 1071 676 1157 δὴ
693 1063 751 1137 οῦν
758 1071 788 1137 oi
804 1065 946 1151 lisimas,
960 1067 1062 1136 καίτοι
1077 1072 1113 1134 ἐκ
1129 1075 1268 1136 παλαιοῦ
1282 1069 1437 1136 ῦπόσπον-

357 1173 414 1240 δοί
422 1199 456 1240 τε
474 1173 530 1239 καί
543 1171 690 1258 κατήκοοι
707 1174 775 1237 τοῦν
796 1171 969 1252 ‘Penariae
984 1173 1192 1255 γεγενημένα,
1213 1168 1291 1234 dii&
1311 1169 1380 1234 τότε
1398 1172 1432 1236 τό

358 1276 418 1357 μέν
434 1300 467 1338 τι
481 1273 588 1338 αότοῦν
601 1269 703 1356 εἴχετο
715 1272 780 1336 τοῦν
800 1272 970 1356 προτέραν,
990 1271 1047 1333 καί
1060 1261 1295 1333 όκολασταινειν
1312 1269 1353 1334 ου’
1369 1274 1439 1334 λίαν

355 1369 501 1455 orout,
529 1368 560 1436 οἱ
577 1371 614 1434 δέ
634 1391 670 1452 γε
686 1370 797 1434 πολλοὶ
816 1369 962 1452 παρέντες
982 1361 1023 1432 τό
1047 1368 1242 1447 καθεστῶτα,
1263 1365 1441 1454 λῃστρικοί-

358 1493 448 1555 τερον
470 1471 639 1552 έβιότευον,
661 1467 716 1532 καί
727 1469 935 1542 καταθέοντες
948 1463 988 1531 τό
1007 1459 1095 1550 οἷμφὶ
1114 1463 1174 1530 τόν
1185 1463 1312 1532 Πόντον
1328 1468 1472 1551 χωρίοιμο

353 1565 426 1645 τοῦς
446 1589 481 1631 τι
513 1559 635 1652 δγροός
663 1563 849 1650 ἐλεηλάτουν
876 1567 932 1628 καί
956 1562 1030 1638 τοῦς
1063 1559 1249 1648 ὁδοιπόρους
1283 1563 1434 1628 όσίνοντο·

355 1669 520 1749 ἐπέβαινον
539 1667 646 1732 δὲκαὶ
664 1663 847 1751 Ἀρμενίας,
869 1658 1102 1749 όποιπυρείκοι,
1123 1661 1181 1728 καί
1197 1661 1341 1750 όρπαγός
1353 1665 1438 1727 ε’ποι-

353 1768 454 1846 οῦντο,
476 1763 532 1828 καί
552 1763 646 1827 osto
663 1759 767 1827 ότιυῦν
782 1760 939 1848 ἐφρόνουν
960 1757 1207 1848 ἀλλοτριώτερον
1227 1762 1290 1827 τόν
1316 1764 1438 1848 διαφο·

353 1865 418 1927 νοῦν
451 1862 621 1942 πολεμίων.
670 1862 832 1946 τοιγάρτοι
863 1862 1023 1926 στέλλεται
1050 1861 1099 1924 ἔπ’
1116 1855 1233 1935 αῦτοῦς
1265 1858 1441 1944 θεόδωρος,

350 1960 369 2025 ό
395 1961 488 2045 σσιῦν
508 1963 569 2040 μὲν
585 1954 756 2045 ὁμόφυλος,
777 1957 818 2024 τό
833 1961 868 2024 δὲ
884 1968 1023 2046 πρωτεῖα
1036 1955 1206 2045 φερόμενος
1220 1961 1255 2024 ἐν
1269 1967 1336 2034 τοῖς
1360 1957 1474 2030 ‘Por-15

261 2073 287 2131 Ρ.
296 2069 350 2136 144
356 2063 482 2140 μαῖκοῖς
503 2054 695 2142 ταξιάρχοις·
722 2054 868 2134 πολλάκις
892 2060 938 2139 δὲ,
965 2053 1065 2138 οἶμαι,
1083 2056 1197 2122 τοῦτον
1215 2053 1440 2142 καὶπρότερον

347 2154 567 2241 ἐπεμνήσθην.
587 2151 642 2224 sire
666 2153 726 2242 γὰρ
749 2159 806 2241 τῆς
834 2157 949 2231 οἰκείοις
967 2155 1076 2240 χώρας
1093 2157 1359 2240 δαημονέστατος,
1387 2155 1442 2220 καί

349 2251 429 2321 ὅθεν
452 2253 621 2338 ἐμβόλλειν
645 2247 759 2340 ῦριστα
773 2245 907 2337 ἤμελλε,
937 2258 992 2320 καί
1017 2247 1090 2318 όποι
1110 2255 1359 2334 ένοολισασθαι,
1384 2253 1442 2318 καί

348 2349 436 2430 ῦπιος
462 2351 545 2433 τοῦς1
562 2355 726 2435 δυσμενεῖς
750 2351 934 2436 α’νιχνεῦσαι
959 2355 992 2430 ές
1015 2351 1050 2417 τό
1072 2347 1201 2440 ἀκριβές
1222 2353 1439 2435 ἐπιστάμενος,

345 2451 475 2529 εἰκότας
495 2445 558 2538 ῦρα
578 2455 715 2534 ἐκεῖνος,
735 2453 771 2517 έκ
788 2454 942 2535 βασιλέως
965 2451 1052 2541 αότρῦ
1068 2454 1356 2539 προστεταγμένον,
1377 2454 1474 2519 inias

344 2550 437 2637 τήνδε
461 2550 521 2637 τήν
535 2556 649 2638 πρᾶξιν
667 2552 792 2639 ἐχώρει.
821 2546 904 2640 αἴρας
930 2552 969 2638 δὴ
985 2548 1044 2619 οόν
1065 2557 1101 2621 ἐν
1125 2559 1181 2640 τῆς
1198 2557 1357 2639 Κολχιόος
1377 2561 1442 2642 γῆς

415 2701 512 2769 γ.τότε
528 2698 559 2754 τό
579 2702 636 2771 μὲν
647 2704 675 2753 R.
696 2701 772 2830 (Cla,
786 2702 849 2754 τότε
863 2702 923 2825 γὲν
939 2707 1009 2775 v'ulg.
1085 2724 1123 2759 ra.
1140 2704 1292 2779 Ἀρμενίαν
1307 2709 1336 2759 Β.
1397 2708 1439 2774 ri.

413 2775 514 2842 τοίγαρ
537 2772 628 2831 otili,
644 2774 674 2828 Β.
731 2790 740 2826 ι
791 2771 860 2843 timei
881 2776 945 2838 sit,
960 2774 1087 2849 ἤμελλον
1101 2777 1171 2847 vulg.

406 3090 433 3125 ι.
472 3003 531 3129 Ita
557 3074 669 3144 quidem
687 3076 820 3134 maximae
843 3084 872 3129 et
893 3078 995 3131 dubiae
1020 3079 1092 3139 inter
1117 3096 1146 3129 sc
1169 3081 1310 3148 potentiae
1338 3082 1436 3131 natio-

335 3158 407 3205 nes,
426 3149 458 3195 ut
475 3154 657 3209 convenerat,
690 3164 763 3200 arma
788 3147 991 3217 deposuerunt,
1010 3150 1159 3221 quieteque
1178 3146 1331 3200 diutissime
1350 3155 1436 3201 man-

337 3221 452 3276 serunt,
469 3216 509 3267 ita
527 3222 560 3266 ut
579 3224 677 3269 neutra
694 3234 756 3286 pare
780 3218 811 3269 in
835 3216 947 3271 alteram
967 3220 1113 3291 quicquam
1136 3218 1285 3275 moliretur.
1322 3218 1373 3270 Per
1404 3220 1437 3270 id

338 3288 445 3350 tenpus
461 3285 562 3349 Zanni,
579 3303 643 3354 gens
663 3288 791 3347 australia
804 3286 838 3339 ad
855 3288 990 3343 Euxinum
1008 3290 1122 3343 Pontum
1138 3288 1197 3341 locu
1214 3290 1336 3347 incolens
1356 3290 1436 3341 circa

336 3353 433 3409 urbem
452 3353 660 3423 Trapezuntem
676 3375 711 3411 ex
727 3358 780 3422 his,
797 3359 917 3428 inquam,
936 3361 1041 3422 Zannis,
1058 3377 1119 3411 cum
1141 3358 1176 3411 ab
1197 3362 1310 3441 antiquo
1330 3360 1437 3412 foede-

336 3423 389 3481 rati
401 3421 561 3493 subditique
571 3428 754 3481 Romanorum
772 3429 898 3495 fuissent,
911 3430 1038 3483 nonnulli
1053 3429 1190 3481 veteribus
1206 3438 1292 3500 pactis
1306 3430 1437 3493 stabant,

336 3508 428 3563 neque
446 3502 570 3562 proterve
590 3498 799 3562 insoleseehanti
819 3500 878 3563 aiii,
896 3500 1013 3569 pristino
1030 3500 1100 3553 vitae
1116 3507 1187 3551 statu
1198 3500 1333 3569 neglecto,
1346 3517 1438 3568 prae·
1515 3514 1516 3570 i

337 3561 440 3615 ιλοιιοιυ
461 3564 492 3616 in
508 3580 611 3622 morem
631 3569 773 3630 vivebant,
791 3570 906 3639 lotaque
923 3572 1009 3623 Ponto
1033 3568 1185 3623 adiacentia
1204 3570 1345 3627 hostiliter
1362 3588 1437 3638 per·

335 3642 485 3697 turrentes,
503 3642 533 3685 et
550 3651 628 3704 agros
646 3637 892 3707 depraedabantur,
911 3649 938 3693 et
958 3638 1108 3693 viatoribus
1130 3650 1207 3692 erant
1223 3640 1337 3693 infesti:
1356 3642 1438 3710 quin

336 3711 365 3753 et
384 3704 413 3755 in
433 3703 586 3763 Armeniam
606 3710 772 3777 transgressi,
792 3709 882 3780 quoad
897 3717 1033 3779 poterant,
1047 3710 1159 3779 praedas
1178 3711 1311 3781 agebant,
1332 3725 1437 3779 neque
1514 3756 1515 3763 ,

334 3771 414 3828 aliter
433 3792 471 3838 se,
484 3792 567 3897 gnam
586 3778 609 3828 si
631 3779 718 3846 aperti
738 3778 831 3829 hostes
850 3789 948 3844 essent,
969 3780 1107 3850 gerebant.
1136 3780 1256 3832 Mittitur
1275 3781 1371 3849 itaque
1402 3781 1438 3833 in
1514 3764 1515 3792 λ

503 3862 574 3909 orus,

334 3856 380 3897 σοι
405 3843 482 3897 Theo
595 3862 688 3899 eornm
701 3848 859 3920 popularis,
884 3852 984 3919 primas
1010 3853 1083 3903 inter
1105 3852 1237 3903 Romanos
1261 3848 1338 3901 discis
1358 3867 1438 3919 par-

332 3916 374 3991 tes
394 3911 538 3978 obtinens,
557 3917 632 3969 cuius
649 3933 729 3985 supra
749 3920 908 3988 frequenter
928 3921 1049 3972 memini.
1085 3918 1154 3971 Num
1172 3920 1229 3984 ille,
1246 3928 1277 3971 ut
1294 3937 1360 3972 suae
1383 3936 1439 3972 re·
1513 3960 1514 3997 ρ

332 3980 420 4052 gronis
437 3986 628 4048 peritissimus,
645 3996 706 4039 ete
728 4005 782 4058 qua
803 3999 879 4057 purte
899 3991 1002 4057 optime
1026 4006 1084 4041 eam
1111 3990 1230 4041 invasuri
1252 3990 1436 4052 viderentur,
1513 4000 1514 4014 ¹

331 4048 382 4100 nbi
406 4050 488 4103 etiam
515 4056 735 4109 commodissime
767 4068 852 4112 castra
870 4060 1007 4121 locanda,
1033 4068 1061 4112 et
1079 4059 1216 4129 quomodo
1242 4058 1335 4113 hostes
1354 4076 1434 4128 per-

331 4120 482 4189 vestigandi
509 4134 608 4186 essent,
632 4126 667 4177 ad
690 4145 811 4197 unguem
837 4136 937 4195 ουτοι,
965 4129 1063 4181 merito
1086 4130 1259 4198 imperatoris
1285 4131 1360 4182 iussu
1393 4129 1437 4181 ad
1512 4140 1513 4145 ’

330 4188 384 4252 hoe
403 4192 542 4259 negotium
560 4196 759 4248 conficiendum
772 4205 814 4249 est
836 4201 942 4255 missus.
968 4200 1070 4252 Castris
1086 4200 1179 4267 itaque
1197 4214 1212 4249 e
1230 4200 1357 4252 Colchica
1385 4217 1438 4251 re-

330 4259 411 4340 §im
429 4276 490 4324 inm.
508 4259 579 4319 iusto
598 4266 718 4324 exercitu
736 4268 834 4331 motis,
855 4270 968 4353 eiusque
989 4270 1056 4325 finos
1081 4269 1152 4323 ultra
1169 4268 1310 4335 phasidem
1340 4286 1436 4335 occa-
