<?xml version="1.0" encoding="UTF-8"?>
<!DOCTYPE html PUBLIC "-//W3C//DTD XHTML 1.0 Transitional//EN"
    "http://www.w3.org/TR/xhtml1/DTD/xhtml1-transitional.dtd">
<html xmlns="http://www.w3.org/1999/xhtml" xml:lang="en" lang="en">
 <head>
  <title>
</title>
<meta http-equiv="Content-Type" content="text/html;charset=utf-8" />
  <meta name='ocr-system' content='tesseract 3.04.00' />
  <meta name='ocr-capabilities' content='ocr_page ocr_carea ocr_par ocr_line ocrx_word'/>
</head>
<body>
  <div class='ocr_page' id='page_1' title='image "./corpusscriptoru31theogoog/corpusscriptoru31theogoog_0025.png"; bbox 0 0 3109 4950; ppageno 0'>
   <div class='ocr_carea' id='block_1_1' title="bbox 561 337 1212 404">
    <p class='ocr_par' dir='ltr' id='par_1_1' title="bbox 561 337 1212 404">
     <span class='ocr_line' id='line_1_1' title="bbox 561 337 1212 404; baseline 0 0"><span class='ocrx_word' id='word_1_1' title='bbox 561 337 782 404; x_wconf 74' lang='lat' dir='ltr'><strong>Aelrntln.</strong></span> <span class='ocrx_word' id='word_1_2' title='bbox 1143 342 1212 404; x_wconf 76' lang='grc' dir='ltr'><strong>ΧΙΧ</strong></span> 
     </span>
    </p>
   </div>
   <div class='ocr_carea' id='block_1_2' title="bbox 33 487 1218 4331">
    <p class='ocr_par' dir='ltr' id='par_1_2' title="bbox 134 487 1214 876">
     <span class='ocr_line' id='line_1_2' title="bbox 136 487 1212 574; baseline 0.001 -21"><span class='ocrx_word' id='word_1_3' title='bbox 136 489 295 574; x_wconf 71' lang='lat' dir='ltr'><strong>Agathiam</strong></span> <span class='ocrx_word' id='word_1_4' title='bbox 310 489 352 554; x_wconf 86' lang='lat' dir='ltr'><strong>de</strong></span> <span class='ocrx_word' id='word_1_5' title='bbox 367 487 457 554; x_wconf 86' lang='lat' dir='ltr'><strong>bello</strong></span> <span class='ocrx_word' id='word_1_6' title='bbox 472 489 668 554; x_wconf 72' lang='lat' dir='ltr'><strong>Gothorum</strong></span> <span class='ocrx_word' id='word_1_7' title='bbox 698 490 893 556; x_wconf 85' lang='lat' dir='ltr'><strong>econtrario</strong></span> <span class='ocrx_word' id='word_1_8' title='bbox 911 488 945 553; x_wconf 89' lang='lat' dir='ltr'><strong>in</strong></span> <span class='ocrx_word' id='word_1_9' title='bbox 962 488 1126 556; x_wconf 81' lang='lat' dir='ltr'><strong>Marciana</strong></span> <span class='ocrx_word' id='word_1_10' title='bbox 1142 491 1212 555; x_wconf 83' lang='lat' dir='ltr'><strong>Vs·</strong></span> 
     </span>
     <span class='ocr_line' id='line_1_3' title="bbox 135 590 1213 674; baseline 0.002 -22"><span class='ocrx_word' id='word_1_11' title='bbox 135 591 221 654; x_wconf 87' lang='lat' dir='ltr'><strong>retiis</strong></span> <span class='ocrx_word' id='word_1_12' title='bbox 236 591 315 658; x_wconf 88' lang='lat' dir='ltr'><strong>eod.</strong></span> <span class='ocrx_word' id='word_1_13' title='bbox 336 591 492 654; x_wconf 84' lang='lat' dir='ltr'><strong>necxtt.</strong></span> <span class='ocrx_word' id='word_1_14' title='bbox 509 590 610 654; x_wconf 88' lang='lat' dir='ltr'><strong>libros</strong></span> <span class='ocrx_word' id='word_1_15' title='bbox 628 593 843 674; x_wconf 67' lang='lat' dir='ltr'><strong>posteriores,</strong></span> <span class='ocrx_word' id='word_1_16' title='bbox 864 591 1088 655; x_wconf 80' lang='lat' dir='ltr'><strong>delinientibus</strong></span> <span class='ocrx_word' id='word_1_17' title='bbox 1108 591 1213 674; x_wconf 85' lang='lat' dir='ltr'><strong>primu</strong></span> 
     </span>
     <span class='ocr_line' id='line_1_4' title="bbox 136 689 1214 775; baseline 0.005 -26"><span class='ocrx_word' id='word_1_18' title='bbox 136 699 162 750; x_wconf 87' lang='lat' dir='ltr'><strong>et</strong></span> <span class='ocrx_word' id='word_1_19' title='bbox 186 689 325 751; x_wconf 86' lang='lat' dir='ltr'><strong>secundi</strong></span> <span class='ocrx_word' id='word_1_20' title='bbox 340 699 445 772; x_wconf 81' lang='lat' dir='ltr'><strong>parter</strong></span> <span class='ocrx_word' id='word_1_21' title='bbox 467 689 608 764; x_wconf 82' lang='lat' dir='ltr'><strong>scilicet,</strong></span> <span class='ocrx_word' id='word_1_22' title='bbox 636 695 673 752; x_wconf 87' lang='lat' dir='ltr'><strong>ut</strong></span> <span class='ocrx_word' id='word_1_23' title='bbox 687 689 837 770; x_wconf 84' lang='lat' dir='ltr'><strong>ridetur,</strong></span> <span class='ocrx_word' id='word_1_24' title='bbox 857 690 914 752; x_wconf 89' lang='lat' dir='ltr'><strong>illa</strong></span> <span class='ocrx_word' id='word_1_25' title='bbox 929 690 997 775; x_wconf 87' lang='lat' dir='ltr'><strong>ipsa</strong></span> <span class='ocrx_word' id='word_1_26' title='bbox 1011 689 1052 755; x_wconf 86' lang='lat' dir='ltr'><strong>ds</strong></span> <span class='ocrx_word' id='word_1_27' title='bbox 1073 689 1214 755; x_wconf 79' lang='lat' dir='ltr'><strong>limatis</strong></span> 
     </span>
     <span class='ocr_line' id='line_1_5' title="bbox 134 779 572 876; baseline 0.005 -28"><span class='ocrx_word' id='word_1_28' title='bbox 134 786 213 848; x_wconf 88' lang='lat' dir='ltr'><strong>bello</strong></span> <span class='ocrx_word' id='word_1_29' title='bbox 233 779 355 849; x_wconf 90' lang='lat' dir='ltr'><strong>Italico</strong></span> <span class='ocrx_word' id='word_1_30' title='bbox 381 787 572 876; x_wconf 72' lang='lat' dir='ltr'><strong>nmatione.</strong></span> 
     </span>
    </p>

    <p class='ocr_par' dir='ltr' id='par_1_3' title="bbox 136 884 1213 1266">
     <span class='ocr_line' id='line_1_6' title="bbox 210 884 1213 969; baseline 0.004 -23"><span class='ocrx_word' id='word_1_31' title='bbox 210 887 324 965; x_wconf 88' lang='lat' dir='ltr'><strong>Quum</strong></span> <span class='ocrx_word' id='word_1_32' title='bbox 339 893 446 948; x_wconf 86' lang='lat' dir='ltr'><strong>autem</strong></span> <span class='ocrx_word' id='word_1_33' title='bbox 461 884 612 969; x_wconf 74' lang='lat' dir='ltr'><strong>Agathino</strong></span> <span class='ocrx_word' id='word_1_34' title='bbox 628 886 663 948; x_wconf 94' lang='lat' dir='ltr'><strong>in</strong></span> <span class='ocrx_word' id='word_1_35' title='bbox 681 907 795 951; x_wconf 87' lang='lat' dir='ltr'><strong>sorunr</strong></span> <span class='ocrx_word' id='word_1_36' title='bbox 816 900 949 952; x_wconf 85' lang='lat' dir='ltr'><strong>numero</strong></span> <span class='ocrx_word' id='word_1_37' title='bbox 967 887 1067 953; x_wconf 78' lang='lat' dir='ltr'><strong>iusrit</strong></span> <span class='ocrx_word' id='word_1_38' title='bbox 1081 887 1213 952; x_wconf 81' lang='lat' dir='ltr'><strong>histori-</strong></span> 
     </span>
     <span class='ocr_line' id='line_1_7' title="bbox 136 979 1212 1071; baseline 0.005 -26"><span class='ocrx_word' id='word_1_39' title='bbox 136 1003 239 1046; x_wconf 87' lang='lat' dir='ltr'><strong>corum</strong></span> <span class='ocrx_word' id='word_1_40' title='bbox 265 979 355 1066; x_wconf 83' lang='lat' dir='ltr'><strong>quos</strong></span> <span class='ocrx_word' id='word_1_41' title='bbox 376 985 606 1048; x_wconf 71' lang='lat' dir='ltr'><strong>Constantinus</strong></span> <span class='ocrx_word' id='word_1_42' title='bbox 630 984 928 1071; x_wconf 72' lang='lat' dir='ltr'><strong>Porphyrogenitus</strong></span> <span class='ocrx_word' id='word_1_43' title='bbox 953 985 987 1046; x_wconf 92' lang='lat' dir='ltr'><strong>in</strong></span> <span class='ocrx_word' id='word_1_44' title='bbox 1016 986 1144 1069; x_wconf 71' lang='lat' dir='ltr'><strong>eclogas</strong></span> <span class='ocrx_word' id='word_1_45' title='bbox 1159 1007 1212 1050; x_wconf 90' lang='lat' dir='ltr'><strong>re·</strong></span> 
     </span>
     <span class='ocr_line' id='line_1_8' title="bbox 138 1082 1213 1168; baseline 0.007 -26"><span class='ocrx_word' id='word_1_46' title='bbox 138 1083 198 1166; x_wconf 69' lang='lat' dir='ltr'><strong>digi</strong></span> <span class='ocrx_word' id='word_1_47' title='bbox 219 1082 338 1159; x_wconf 87' lang='lat' dir='ltr'><strong>iussit,</strong></span> <span class='ocrx_word' id='word_1_48' title='bbox 360 1082 513 1165; x_wconf 81' lang='lat' dir='ltr'><strong>leguntur</strong></span> <span class='ocrx_word' id='word_1_49' title='bbox 531 1104 571 1148; x_wconf 82' lang='lat' dir='ltr'><strong>ex</strong></span> <span class='ocrx_word' id='word_1_50' title='bbox 596 1084 653 1146; x_wconf 90' lang='lat' dir='ltr'><strong>illo</strong></span> <span class='ocrx_word' id='word_1_51' title='bbox 672 1086 732 1146; x_wconf 78' lang='lat' dir='ltr'><strong>triu</strong></span> <span class='ocrx_word' id='word_1_52' title='bbox 756 1085 797 1148; x_wconf 86' lang='lat' dir='ltr'><strong>de</strong></span> <span class='ocrx_word' id='word_1_53' title='bbox 826 1084 1043 1168; x_wconf 66' lang='lat' dir='ltr'><strong>legationibus</strong></span> <span class='ocrx_word' id='word_1_54' title='bbox 1062 1094 1213 1168; x_wconf 80' lang='lat' dir='ltr'><strong>excerpta</strong></span> 
     </span>
     <span class='ocr_line' id='line_1_9' title="bbox 138 1180 1213 1266; baseline 0.007 -27"><span class='ocrx_word' id='word_1_55' title='bbox 138 1181 168 1242; x_wconf 89' lang='lat' dir='ltr'><strong>in</strong></span> <span class='ocrx_word' id='word_1_56' title='bbox 187 1180 305 1244; x_wconf 79' lang='lat' dir='ltr'><strong>Codice</strong></span> <span class='ocrx_word' id='word_1_57' title='bbox 321 1181 456 1260; x_wconf 82' lang='lat' dir='ltr'><strong>lissaro,</strong></span> <span class='ocrx_word' id='word_1_58' title='bbox 477 1201 617 1266; x_wconf 85' lang='lat' dir='ltr'><strong>qnorum</strong></span> <span class='ocrx_word' id='word_1_59' title='bbox 633 1183 765 1248; x_wconf 89' lang='lat' dir='ltr'><strong>collatio</strong></span> <span class='ocrx_word' id='word_1_60' title='bbox 783 1205 858 1246; x_wconf 88' lang='lat' dir='ltr'><strong>cunr</strong></span> <span class='ocrx_word' id='word_1_61' title='bbox 876 1183 972 1248; x_wconf 86' lang='lat' dir='ltr'><strong>editis</strong></span> <span class='ocrx_word' id='word_1_62' title='bbox 997 1183 1134 1247; x_wconf 85' lang='lat' dir='ltr'><strong>debetur</strong></span> <span class='ocrx_word' id='word_1_63' title='bbox 1153 1183 1213 1247; x_wconf 92' lang='lat' dir='ltr'><strong>do·</strong></span> 
     </span>
    </p>

    <p class='ocr_par' dir='ltr' id='par_1_4' title="bbox 36 1279 1213 1367">
     <span class='ocr_line' id='line_1_10' title="bbox 36 1279 1213 1367; baseline 0.003 -25"><span class='ocrx_word' id='word_1_64' title='bbox 36 1301 37 1330; x_wconf 63' lang='grc'>;</span> <span class='ocrx_word' id='word_1_65' title='bbox 140 1279 472 1364; x_wconf 80' lang='lat' dir='ltr'><strong>ctissimospengelio.</strong></span> <span class='ocrx_word' id='word_1_66' title='bbox 507 1281 698 1366; x_wconf 81' lang='lat' dir='ltr'><strong>Multoplns</strong></span> <span class='ocrx_word' id='word_1_67' title='bbox 716 1281 802 1344; x_wconf 88' lang='lat' dir='ltr'><strong>idem</strong></span> <span class='ocrx_word' id='word_1_68' title='bbox 816 1281 954 1367; x_wconf 84' lang='lat' dir='ltr'><strong>scriptor</strong></span> <span class='ocrx_word' id='word_1_69' title='bbox 969 1281 1009 1344; x_wconf 90' lang='lat' dir='ltr'><strong>ad</strong></span> <span class='ocrx_word' id='word_1_70' title='bbox 1023 1281 1155 1345; x_wconf 80' lang='lat' dir='ltr'><strong>titulum</strong></span> <span class='ocrx_word' id='word_1_71' title='bbox 1171 1282 1213 1346; x_wconf 80' lang='lat' dir='ltr'><strong>de</strong></span> 
     </span>
    </p>

    <p class='ocr_par' dir='ltr' id='par_1_5' title="bbox 36 1377 1214 1544">
     <span class='ocr_line' id='line_1_11' title="bbox 36 1377 1213 1465; baseline 0.003 -24"><span class='ocrx_word' id='word_1_72' title='bbox 36 1381 37 1392; x_wconf 67' lang='lat'>‘</span> <span class='ocrx_word' id='word_1_73' title='bbox 140 1377 301 1441; x_wconf 79' lang='lat' dir='ltr'><strong>sententiis</strong></span> <span class='ocrx_word' id='word_1_74' title='bbox 326 1379 474 1442; x_wconf 86' lang='lat' dir='ltr'><strong>conferre</strong></span> <span class='ocrx_word' id='word_1_75' title='bbox 497 1377 653 1460; x_wconf 88' lang='lat' dir='ltr'><strong>debebat,</strong></span> <span class='ocrx_word' id='word_1_76' title='bbox 683 1395 781 1463; x_wconf 86' lang='lat' dir='ltr'><strong>qnam</strong></span> <span class='ocrx_word' id='word_1_77' title='bbox 809 1381 993 1465; x_wconf 78' lang='lat' dir='ltr'><strong>nuperrime</strong></span> <span class='ocrx_word' id='word_1_78' title='bbox 1015 1380 1050 1440; x_wconf 88' lang='lat' dir='ltr'><strong>in</strong></span> <span class='ocrx_word' id='word_1_79' title='bbox 1079 1379 1213 1447; x_wconf 82' lang='lat' dir='ltr'><strong>lucrinis</strong></span> 
     </span>
     <span class='ocr_line' id='line_1_12' title="bbox 142 1475 1214 1544; baseline 0.004 -6"><span class='ocrx_word' id='word_1_80' title='bbox 142 1499 209 1540; x_wconf 86' lang='lat' dir='ltr'><strong>oras</strong></span> <span class='ocrx_word' id='word_1_81' title='bbox 222 1477 349 1540; x_wconf 77' lang='lat' dir='ltr'><strong>reduxit</strong></span> <span class='ocrx_word' id='word_1_82' title='bbox 370 1476 419 1540; x_wconf 90' lang='lat' dir='ltr'><strong>ill.</strong></span> <span class='ocrx_word' id='word_1_83' title='bbox 438 1477 557 1542; x_wconf 72' lang='lat' dir='ltr'><strong>Mniuu</strong></span> <span class='ocrx_word' id='word_1_84' title='bbox 587 1479 638 1542; x_wconf 80' lang='lat' dir='ltr'><strong>vir</strong></span> <span class='ocrx_word' id='word_1_85' title='bbox 658 1479 805 1542; x_wconf 82' lang='lat' dir='ltr'><strong>iurandis</strong></span> <span class='ocrx_word' id='word_1_86' title='bbox 820 1475 938 1544; x_wconf 81' lang='lat' dir='ltr'><strong>littoris</strong></span> <span class='ocrx_word' id='word_1_87' title='bbox 963 1477 1116 1542; x_wconf 78' lang='lat' dir='ltr'><strong>divinitus</strong></span> <span class='ocrx_word' id='word_1_88' title='bbox 1143 1499 1214 1542; x_wconf 83' lang='lat' dir='ltr'><strong>sne·</strong></span> 
     </span>
    </p>

    <p class='ocr_par' dir='ltr' id='par_1_6' title="bbox 36 1569 1215 1762">
     <span class='ocr_line' id='line_1_13' title="bbox 36 1569 1215 1662; baseline -0.003 -24"><span class='ocrx_word' id='word_1_89' title='bbox 36 1569 37 1638; x_wconf 58' lang='lat'>³</span> <span class='ocrx_word' id='word_1_90' title='bbox 144 1577 215 1638; x_wconf 87' lang='lat' dir='ltr'><strong>culo</strong></span> <span class='ocrx_word' id='word_1_91' title='bbox 232 1585 334 1638; x_wconf 88' lang='lat' dir='ltr'><strong>uostro</strong></span> <span class='ocrx_word' id='word_1_92' title='bbox 353 1597 536 1656; x_wconf 85' lang='lat' dir='ltr'><strong>concessus,</strong></span> <span class='ocrx_word' id='word_1_93' title='bbox 557 1587 590 1641; x_wconf 87' lang='lat' dir='ltr'><strong>ct</strong></span> <span class='ocrx_word' id='word_1_94' title='bbox 606 1579 683 1657; x_wconf 86' lang='lat' dir='ltr'><strong>„oui</strong></span> <span class='ocrx_word' id='word_1_95' title='bbox 699 1600 795 1642; x_wconf 85' lang='lat' dir='ltr'><strong>uerno</strong></span> <span class='ocrx_word' id='word_1_96' title='bbox 810 1577 886 1642; x_wconf 82' lang='lat' dir='ltr'><strong>eiri&#39;</strong></span> <span class='ocrx_word' id='word_1_97' title='bbox 901 1597 1009 1662; x_wconf 85' lang='lat' dir='ltr'><strong>neque</strong></span> <span class='ocrx_word' id='word_1_98' title='bbox 1020 1575 1122 1643; x_wconf 81' lang='lat' dir='ltr'><strong>bostis</strong></span> <span class='ocrx_word' id='word_1_99' title='bbox 1139 1575 1215 1658; x_wconf 85' lang='lat' dir='ltr'><strong>qui·</strong></span> 
     </span>
     <span class='ocr_line' id='line_1_14' title="bbox 144 1673 1214 1762; baseline 0 -26"><span class='ocrx_word' id='word_1_100' title='bbox 144 1675 189 1736; x_wconf 88' lang='lat' dir='ltr'><strong>hit</strong></span> <span class='ocrx_word' id='word_1_101' title='bbox 204 1695 261 1758; x_wconf 88' lang='lat' dir='ltr'><strong>pro</strong></span> <span class='ocrx_word' id='word_1_102' title='bbox 280 1674 372 1738; x_wconf 83' lang='lat' dir='ltr'><strong>iactis</strong></span> <span class='ocrx_word' id='word_1_103' title='bbox 393 1675 529 1741; x_wconf 83' lang='lat' dir='ltr'><strong>reddere</strong></span> <span class='ocrx_word' id='word_1_104' title='bbox 552 1698 668 1762; x_wconf 86' lang='lat' dir='ltr'><strong>operas</strong></span> <span class='ocrx_word' id='word_1_105' title='bbox 687 1675 877 1762; x_wconf 73' lang='lat' dir='ltr'><strong>pretium.’&#39;.</strong></span> <span class='ocrx_word' id='word_1_106' title='bbox 901 1677 966 1743; x_wconf 75' lang='lat' dir='ltr'><strong>Sex</strong></span> <span class='ocrx_word' id='word_1_107' title='bbox 994 1675 1076 1744; x_wconf 80' lang='lat' dir='ltr'><strong>lotia</strong></span> <span class='ocrx_word' id='word_1_108' title='bbox 1097 1675 1138 1744; x_wconf 85' lang='lat' dir='ltr'><strong>de</strong></span> <span class='ocrx_word' id='word_1_109' title='bbox 1164 1673 1214 1737; x_wconf 84' lang='lat' dir='ltr'><strong>his</strong></span> 
     </span>
    </p>

    <p class='ocr_par' dir='ltr' id='par_1_7' title="bbox 35 1757 1216 1961">
     <span class='ocr_line' id='line_1_15' title="bbox 35 1757 1215 1858; baseline 0.001 -22"><span class='ocrx_word' id='word_1_110' title='bbox 35 1757 36 1786; x_wconf 55' lang='lat'><strong>³</strong></span> <span class='ocrx_word' id='word_1_111' title='bbox 143 1773 295 1858; x_wconf 75' lang='lat' dir='ltr'><strong>excerptis</strong></span> <span class='ocrx_word' id='word_1_112' title='bbox 313 1795 480 1858; x_wconf 82' lang='lat' dir='ltr'><strong>superesse</strong></span> <span class='ocrx_word' id='word_1_113' title='bbox 504 1775 530 1840; x_wconf 90' lang='lat' dir='ltr'><strong>is</strong></span> <span class='ocrx_word' id='word_1_114' title='bbox 546 1792 606 1840; x_wconf 90' lang='lat' dir='ltr'><strong>nos</strong></span> <span class='ocrx_word' id='word_1_115' title='bbox 627 1775 748 1840; x_wconf 84' lang='lat' dir='ltr'><strong>edocet</strong></span> <span class='ocrx_word' id='word_1_116' title='bbox 767 1775 866 1856; x_wconf 69' lang='lat' dir='ltr'><strong>(cett.</strong></span> <span class='ocrx_word' id='word_1_117' title='bbox 889 1777 1063 1842; x_wconf 71' lang='lat' dir='ltr'><strong>vaticanus</strong></span> <span class='ocrx_word' id='word_1_118' title='bbox 1079 1773 1215 1856; x_wconf 83' lang='lat' dir='ltr'><strong>scripto·</strong></span> 
     </span>
     <span class='ocr_line' id='line_1_16' title="bbox 141 1870 1216 1961; baseline 0.001 -24"><span class='ocrx_word' id='word_1_119' title='bbox 141 1893 212 1937; x_wconf 84' lang='lat' dir='ltr'><strong>rum</strong></span> <span class='ocrx_word' id='word_1_120' title='bbox 242 1893 428 1956; x_wconf 76' lang='lat' dir='ltr'><strong>graecorum</strong></span> <span class='ocrx_word' id='word_1_121' title='bbox 449 1875 491 1938; x_wconf 93' lang='grc'><strong>11.</strong></span> <span class='ocrx_word' id='word_1_122' title='bbox 512 1898 543 1958; x_wconf 90' lang='lat' dir='ltr'><strong>p.</strong></span> <span class='ocrx_word' id='word_1_123' title='bbox 562 1876 663 1954; x_wconf 74' lang='grc' dir='ltr'><strong>464.)ε</strong></span> <span class='ocrx_word' id='word_1_124' title='bbox 690 1896 829 1961; x_wconf 83' lang='lat' dir='ltr'><strong>qnorum</strong></span> <span class='ocrx_word' id='word_1_125' title='bbox 848 1875 1056 1942; x_wconf 79' lang='lat' dir='ltr'><strong>collationem</strong></span> <span class='ocrx_word' id='word_1_126' title='bbox 1078 1871 1120 1936; x_wconf 82' lang='lat' dir='ltr'><strong>ab</strong></span> <span class='ocrx_word' id='word_1_127' title='bbox 1145 1870 1216 1938; x_wconf 82' lang='lat' dir='ltr'><strong>atus</strong></span> 
     </span>
    </p>

    <p class='ocr_par' dir='ltr' id='par_1_8' title="bbox 34 1969 1217 2060">
     <span class='ocr_line' id='line_1_17' title="bbox 34 1969 1217 2060; baseline -0.003 -26"><span class='ocrx_word' id='word_1_128' title='bbox 34 2031 35 2058; x_wconf 44' lang='lat'><strong>,</strong></span> <span class='ocrx_word' id='word_1_129' title='bbox 143 1972 281 2034; x_wconf 72' lang='lat' dir='ltr'><strong>amicitia</strong></span> <span class='ocrx_word' id='word_1_130' title='bbox 294 1973 461 2056; x_wconf 80' lang='lat' dir='ltr'><strong>petissem,</strong></span> <span class='ocrx_word' id='word_1_131' title='bbox 482 1975 791 2060; x_wconf 82' lang='lat' dir='ltr'><strong>impetraturumqua</strong></span> <span class='ocrx_word' id='word_1_132' title='bbox 808 1975 908 2038; x_wconf 79' lang='lat' dir='ltr'><strong>tuisse</strong></span> <span class='ocrx_word' id='word_1_133' title='bbox 931 1983 1019 2040; x_wconf 87' lang='lat' dir='ltr'><strong>certe</strong></span> <span class='ocrx_word' id='word_1_134' title='bbox 1045 1969 1130 2044; x_wconf 61' lang='lat' dir='ltr'><strong>seim</strong></span> <span class='ocrx_word' id='word_1_135' title='bbox 1157 1989 1217 2031; x_wconf 64' lang='lat' dir='ltr'><strong>uas</strong></span> 
     </span>
    </p>

    <p class='ocr_par' dir='ltr' id='par_1_9' title="bbox 34 2061 1216 2234">
     <span class='ocr_line' id='line_1_18' title="bbox 34 2061 1216 2158; baseline -0.003 -24"><span class='ocrx_word' id='word_1_136' title='bbox 34 2061 36 2086; x_wconf 72' lang='lat'><em>&#39;</em></span> <span class='ocrx_word' id='word_1_137' title='bbox 141 2092 214 2134; x_wconf 86' lang='lat' dir='ltr'><strong>rum</strong></span> <span class='ocrx_word' id='word_1_138' title='bbox 231 2091 325 2156; x_wconf 89' lang='lat' dir='ltr'><strong>opere</strong></span> <span class='ocrx_word' id='word_1_139' title='bbox 347 2071 404 2133; x_wconf 87' lang='lat' dir='ltr'><strong>iam</strong></span> <span class='ocrx_word' id='word_1_140' title='bbox 419 2071 702 2158; x_wconf 74' lang='lat' dir='ltr'><strong>profligatonolui</strong></span> <span class='ocrx_word' id='word_1_141' title='bbox 720 2075 876 2140; x_wconf 83' lang='lat' dir='ltr'><strong>molestus</strong></span> <span class='ocrx_word' id='word_1_142' title='bbox 901 2093 972 2139; x_wconf 88' lang='lat' dir='ltr'><strong>ssss</strong></span> <span class='ocrx_word' id='word_1_143' title='bbox 994 2072 1066 2137; x_wconf 76' lang='lat' dir='ltr'><strong>tiro</strong></span> <span class='ocrx_word' id='word_1_144' title='bbox 1082 2069 1216 2134; x_wconf 74' lang='lat' dir='ltr'><strong>mininis</strong></span> 
     </span>
     <span class='ocr_line' id='line_1_19' title="bbox 141 2171 252 2234; baseline 0 0"><span class='ocrx_word' id='word_1_145' title='bbox 141 2171 252 2234; x_wconf 83' lang='lat' dir='ltr'><strong>otioso.</strong></span> 
     </span>
    </p>

    <p class='ocr_par' dir='ltr' id='par_1_10' title="bbox 218 2263 1216 2352">
     <span class='ocr_line' id='line_1_20' title="bbox 218 2263 1216 2352; baseline -0.006 -21"><span class='ocrx_word' id='word_1_146' title='bbox 218 2271 386 2333; x_wconf 78' lang='lat' dir='ltr'><strong>Praetores</strong></span> <span class='ocrx_word' id='word_1_147' title='bbox 396 2278 543 2352; x_wconf 84' lang='lat' dir='ltr'><strong>superest</strong></span> <span class='ocrx_word' id='word_1_148' title='bbox 555 2269 590 2330; x_wconf 90' lang='lat' dir='ltr'><strong>in</strong></span> <span class='ocrx_word' id='word_1_149' title='bbox 597 2267 762 2342; x_wconf 74' lang='lat' dir='ltr'><strong>Parisinea</strong></span> <span class='ocrx_word' id='word_1_150' title='bbox 775 2263 883 2352; x_wconf 72' lang='lat' dir='ltr'><strong>regins</strong></span> <span class='ocrx_word' id='word_1_151' title='bbox 898 2268 970 2330; x_wconf 85' lang='lat' dir='ltr'><strong>cod.</strong></span> <span class='ocrx_word' id='word_1_152' title='bbox 984 2264 1105 2332; x_wconf 81' lang='lat' dir='ltr'><strong>MDCl.</strong></span> <span class='ocrx_word' id='word_1_153' title='bbox 1118 2281 1216 2328; x_wconf 59' lang='lat' dir='ltr'><strong>meme</strong></span> 
     </span>
    </p>

    <p class='ocr_par' dir='ltr' id='par_1_11' title="bbox 33 2353 1218 2845">
     <span class='ocr_line' id='line_1_21' title="bbox 33 2353 1218 2452; baseline -0.001 -22"><span class='ocrx_word' id='word_1_154' title='bbox 33 2439 35 2452; x_wconf 18' lang='grc' dir='ltr'>ᾗ</span> <span class='ocrx_word' id='word_1_155' title='bbox 142 2366 314 2447; x_wconf 81' lang='lat' dir='ltr'><strong>bracaren,</strong></span> <span class='ocrx_word' id='word_1_156' title='bbox 335 2365 624 2446; x_wconf 86' lang='lat' dir='ltr'><strong>Fontehlandeusi,</strong></span> <span class='ocrx_word' id='word_1_157' title='bbox 642 2366 758 2432; x_wconf 83' lang='lat' dir='ltr'><strong>lolium</strong></span> <span class='ocrx_word' id='word_1_158' title='bbox 774 2367 919 2444; x_wconf 81' lang='lat' dir='ltr'><strong>unicum,</strong></span> <span class='ocrx_word' id='word_1_159' title='bbox 949 2353 1044 2426; x_wconf 88' lang='lat' dir='ltr'><strong>culus</strong></span> <span class='ocrx_word' id='word_1_160' title='bbox 1060 2361 1218 2429; x_wconf 73' lang='lat' dir='ltr'><strong>tortiones</strong></span> 
     </span>
     <span class='ocr_line' id='line_1_22' title="bbox 143 2461 1216 2558; baseline -0.006 -31"><span class='ocrx_word' id='word_1_161' title='bbox 143 2488 221 2549; x_wconf 90' lang='lat' dir='ltr'><strong>quaa</strong></span> <span class='ocrx_word' id='word_1_162' title='bbox 238 2466 372 2545; x_wconf 86' lang='lat' dir='ltr'><strong>variant,</strong></span> <span class='ocrx_word' id='word_1_163' title='bbox 382 2467 468 2531; x_wconf 85' lang='lat' dir='ltr'><strong>dedi.</strong></span> <span class='ocrx_word' id='word_1_164' title='bbox 490 2467 606 2533; x_wconf 86' lang='lat' dir='ltr'><strong>lisdem</strong></span> <span class='ocrx_word' id='word_1_165' title='bbox 620 2467 752 2531; x_wconf 81' lang='lat' dir='ltr'><strong>fortasse</strong></span> <span class='ocrx_word' id='word_1_166' title='bbox 770 2465 915 2529; x_wconf 85' lang='lat' dir='ltr'><strong>terminis</strong></span> <span class='ocrx_word' id='word_1_167' title='bbox 929 2462 1118 2534; x_wconf 82' lang='lat' dir='ltr'><strong>continetur</strong></span> <span class='ocrx_word' id='word_1_168' title='bbox 1132 2461 1216 2558; x_wconf 60' lang='lat' dir='ltr'><strong>trap-</strong></span> 
     </span>
     <span class='ocr_line' id='line_1_23' title="bbox 141 2559 1215 2648; baseline 0.004 -20"><span class='ocrx_word' id='word_1_169' title='bbox 141 2576 280 2629; x_wconf 87' lang='lat' dir='ltr'><strong>mentum</strong></span> <span class='ocrx_word' id='word_1_170' title='bbox 296 2567 336 2632; x_wconf 91' lang='lat' dir='ltr'><strong>de</strong></span> <span class='ocrx_word' id='word_1_171' title='bbox 352 2566 485 2633; x_wconf 87' lang='lat' dir='ltr'><strong>Francis</strong></span> <span class='ocrx_word' id='word_1_172' title='bbox 498 2568 751 2631; x_wconf 71' lang='lat' dir='ltr'><strong>[emantiuuunr</strong></span> <span class='ocrx_word' id='word_1_173' title='bbox 764 2566 848 2631; x_wconf 83' lang='lat' dir='ltr'><strong>th.</strong></span> <span class='ocrx_word' id='word_1_174' title='bbox 861 2586 907 2648; x_wconf 83' lang='lat'><strong>¹7·</strong></span> <span class='ocrx_word' id='word_1_175' title='bbox 916 2586 998 2647; x_wconf 81' lang='lat'><strong>9.-</strong></span> <span class='ocrx_word' id='word_1_176' title='bbox 1012 2560 1069 2623; x_wconf 85' lang='lat' dir='ltr'><strong>ubi</strong></span> <span class='ocrx_word' id='word_1_177' title='bbox 1082 2559 1117 2621; x_wconf 83' lang='lat' dir='ltr'><strong>iu</strong></span> <span class='ocrx_word' id='word_1_178' title='bbox 1132 2559 1215 2642; x_wconf 60' lang='lat' dir='ltr'><strong>plut·</strong></span> 
     </span>
     <span class='ocr_line' id='line_1_24' title="bbox 141 2658 1216 2749; baseline -0.009 -22"><span class='ocrx_word' id='word_1_179' title='bbox 141 2668 280 2734; x_wconf 85' lang='lat' dir='ltr'>LXXIV.</span> <span class='ocrx_word' id='word_1_180' title='bbox 295 2710 303 2745; x_wconf 91' lang='lat'><strong>,</strong></span> <span class='ocrx_word' id='word_1_181' title='bbox 332 2668 378 2730; x_wconf 73' lang='lat'><strong>15.</strong></span> <span class='ocrx_word' id='word_1_182' title='bbox 391 2666 443 2744; x_wconf 73' lang='lat'><strong>64.</strong></span> <span class='ocrx_word' id='word_1_183' title='bbox 462 2667 549 2729; x_wconf 71' lang='lat' dir='ltr'><strong>varie</strong></span> <span class='ocrx_word' id='word_1_184' title='bbox 572 2684 614 2728; x_wconf 77' lang='lat' dir='ltr'><strong>ex</strong></span> <span class='ocrx_word' id='word_1_185' title='bbox 632 2666 776 2749; x_wconf 84' lang='lat' dir='ltr'><strong>quinque</strong></span> <span class='ocrx_word' id='word_1_186' title='bbox 793 2664 884 2728; x_wconf 87' lang='lat' dir='ltr'><strong>libris</strong></span> <span class='ocrx_word' id='word_1_187' title='bbox 899 2670 1051 2745; x_wconf 80' lang='lat' dir='ltr'><strong>excerpto</strong></span> <span class='ocrx_word' id='word_1_188' title='bbox 1067 2658 1216 2735; x_wconf 80' lang='lat' dir='ltr'><strong>inveniri,</strong></span> 
     </span>
     <span class='ocr_line' id='line_1_25' title="bbox 140 2757 1215 2845; baseline -0.001 -20"><span class='ocrx_word' id='word_1_189' title='bbox 140 2764 295 2837; x_wconf 82' lang='lat' dir='ltr'><strong>Harlesins</strong></span> <span class='ocrx_word' id='word_1_190' title='bbox 316 2766 499 2845; x_wconf 82' lang='lat' dir='ltr'><strong>annotavit,</strong></span> <span class='ocrx_word' id='word_1_191' title='bbox 522 2764 715 2829; x_wconf 87' lang='lat' dir='ltr'><strong>Bandiniutn</strong></span> <span class='ocrx_word' id='word_1_192' title='bbox 732 2774 880 2843; x_wconf 85' lang='lat' dir='ltr'><strong>secatus,</strong></span> <span class='ocrx_word' id='word_1_193' title='bbox 908 2770 970 2827; x_wconf 85' lang='lat' dir='ltr'><strong>cut.</strong></span> <span class='ocrx_word' id='word_1_194' title='bbox 991 2759 1083 2827; x_wconf 87' lang='lat' dir='ltr'><strong>codd.</strong></span> <span class='ocrx_word' id='word_1_195' title='bbox 1102 2779 1150 2842; x_wconf 72' lang='lat' dir='ltr'><strong>gr.</strong></span> <span class='ocrx_word' id='word_1_196' title='bbox 1168 2757 1215 2824; x_wconf 90' lang='lat' dir='ltr'><strong>ll.</strong></span> 
     </span>
    </p>

    <p class='ocr_par' dir='ltr' id='par_1_12' title="bbox 33 2856 1216 2949">
     <span class='ocr_line' id='line_1_26' title="bbox 33 2856 1216 2949; baseline -0.011 -20"><span class='ocrx_word' id='word_1_197' title='bbox 33 2856 34 2939; x_wconf 62' lang='lat' dir='ltr'>J</span> <span class='ocrx_word' id='word_1_198' title='bbox 141 2886 172 2948; x_wconf 73' lang='lat' dir='ltr'><strong>p.</strong></span> <span class='ocrx_word' id='word_1_199' title='bbox 196 2866 266 2930; x_wconf 76' lang='lat'><strong>530.</strong></span> <span class='ocrx_word' id='word_1_200' title='bbox 283 2866 341 2927; x_wconf 88' lang='grc'><strong>111.</strong></span> <span class='ocrx_word' id='word_1_201' title='bbox 362 2886 395 2949; x_wconf 89' lang='lat' dir='ltr'><strong>p.</strong></span> <span class='ocrx_word' id='word_1_202' title='bbox 417 2860 486 2929; x_wconf 73' lang='lat' dir='ltr'><strong>urb.</strong></span> <span class='ocrx_word' id='word_1_203' title='bbox 512 2864 600 2948; x_wconf 87' lang='lat' dir='ltr'><strong>quod</strong></span> <span class='ocrx_word' id='word_1_204' title='bbox 621 2885 702 2949; x_wconf 84' lang='lat' dir='ltr'><strong>opus</strong></span> <span class='ocrx_word' id='word_1_205' title='bbox 733 2863 906 2948; x_wconf 83' lang='lat' dir='ltr'><strong>inspicient</strong></span> <span class='ocrx_word' id='word_1_206' title='bbox 927 2860 1045 2946; x_wconf 79' lang='lat' dir='ltr'><strong>quibus</strong></span> <span class='ocrx_word' id='word_1_207' title='bbox 1064 2856 1125 2929; x_wconf 83' lang='lat' dir='ltr'><strong>illo</strong></span> <span class='ocrx_word' id='word_1_208' title='bbox 1150 2856 1216 2919; x_wconf 80' lang='lat' dir='ltr'><strong>frui</strong></span> 
     </span>
    </p>

    <p class='ocr_par' dir='ltr' id='par_1_13' title="bbox 33 2965 420 3051">
     <span class='ocr_line' id='line_1_27' title="bbox 33 2965 420 3051; baseline 0.005 -25"><span class='ocrx_word' id='word_1_209' title='bbox 33 3022 34 3051; x_wconf 27' lang='grc' dir='ltr'><strong>ἶ</strong></span> <span class='ocrx_word' id='word_1_210' title='bbox 139 2984 230 3048; x_wconf 87' lang='lat' dir='ltr'><strong>posse</strong></span> <span class='ocrx_word' id='word_1_211' title='bbox 251 2965 420 3049; x_wconf 70' lang='lat' dir='ltr'><strong>contingit.</strong></span> 
     </span>
    </p>

    <p class='ocr_par' dir='ltr' id='par_1_14' title="bbox 137 3042 1216 3445">
     <span class='ocr_line' id='line_1_28' title="bbox 216 3042 1216 3137; baseline -0.006 -12"><span class='ocrx_word' id='word_1_212' title='bbox 216 3055 400 3127; x_wconf 73' lang='lat' dir='ltr'><strong>Hadrianus</strong></span> <span class='ocrx_word' id='word_1_213' title='bbox 418 3062 532 3127; x_wconf 83' lang='lat' dir='ltr'><strong>lunius</strong></span> <span class='ocrx_word' id='word_1_214' title='bbox 546 3060 870 3127; x_wconf 70' lang='lat' dir='ltr'><strong>Animadversionum</strong></span> <span class='ocrx_word' id='word_1_215' title='bbox 890 3054 957 3134; x_wconf 60' lang='lat' dir='ltr'><strong>lari</strong></span> <span class='ocrx_word' id='word_1_216' title='bbox 974 3064 1012 3121; x_wconf 86' lang='lat' dir='ltr'><strong>nt</strong></span> <span class='ocrx_word' id='word_1_217' title='bbox 1032 3042 1216 3137; x_wconf 69' lang='lat' dir='ltr'><strong>interpretis</strong></span> 
     </span>
     <span class='ocr_line' id='line_1_29' title="bbox 137 3151 1215 3241; baseline 0.001 -17"><span class='ocrx_word' id='word_1_218' title='bbox 137 3161 334 3225; x_wconf 85' lang='lat' dir='ltr'><strong>oscitantium</strong></span> <span class='ocrx_word' id='word_1_219' title='bbox 349 3172 382 3225; x_wconf 85' lang='lat' dir='ltr'><strong>st</strong></span> <span class='ocrx_word' id='word_1_220' title='bbox 400 3162 581 3228; x_wconf 78' lang='lat' dir='ltr'><strong>vecordiam</strong></span> <span class='ocrx_word' id='word_1_221' title='bbox 597 3163 789 3239; x_wconf 79' lang='lat' dir='ltr'><strong>confutaret,</strong></span> <span class='ocrx_word' id='word_1_222' title='bbox 811 3159 934 3241; x_wconf 83' lang='lat' dir='ltr'><strong>aliquot</strong></span> <span class='ocrx_word' id='word_1_223' title='bbox 954 3154 1109 3239; x_wconf 56' lang='lat' dir='ltr'><strong>Agathino</strong></span> <span class='ocrx_word' id='word_1_224' title='bbox 1126 3151 1215 3214; x_wconf 69' lang='lat'>¹⁰⁰⁰!</span> 
     </span>
     <span class='ocr_line' id='line_1_30' title="bbox 138 3249 1215 3347; baseline -0.013 -22"><span class='ocrx_word' id='word_1_225' title='bbox 138 3280 247 3345; x_wconf 76' lang='lat' dir='ltr'><strong>graece</strong></span> <span class='ocrx_word' id='word_1_226' title='bbox 264 3261 481 3347; x_wconf 87' lang='lat' dir='ltr'><strong>transcripsit,</strong></span> <span class='ocrx_word' id='word_1_227' title='bbox 503 3254 609 3324; x_wconf 83' lang='lat' dir='ltr'><strong>multis</strong></span> <span class='ocrx_word' id='word_1_228' title='bbox 631 3262 724 3323; x_wconf 88' lang='lat' dir='ltr'><strong>aunis</strong></span> <span class='ocrx_word' id='word_1_229' title='bbox 744 3268 818 3322; x_wconf 80' lang='lat' dir='ltr'><strong>unte</strong></span> <span class='ocrx_word' id='word_1_230' title='bbox 833 3256 1012 3341; x_wconf 85' lang='lat' dir='ltr'><strong>principem</strong></span> <span class='ocrx_word' id='word_1_231' title='bbox 1038 3249 1215 3323; x_wconf 77' lang='lat' dir='ltr'><strong>editionem</strong></span> 
     </span>
     <span class='ocr_line' id='line_1_31' title="bbox 137 3351 1214 3445; baseline -0.012 -22"><span class='ocrx_word' id='word_1_232' title='bbox 137 3378 291 3443; x_wconf 74' lang='lat' dir='ltr'><strong>graecum.</strong></span> <span class='ocrx_word' id='word_1_233' title='bbox 312 3352 1019 3445; x_wconf 71' lang='lat' dir='ltr'><strong>neptunumqutueuesr,1uriumridsriss</strong></span> <span class='ocrx_word' id='word_1_234' title='bbox 1039 3351 1088 3415; x_wconf 86' lang='lat' dir='ltr'><strong>uti</strong></span> <span class='ocrx_word' id='word_1_235' title='bbox 1108 3366 1214 3433; x_wconf 71' lang='lat' dir='ltr'><strong>exem·</strong></span> 
     </span>
    </p>

    <p class='ocr_par' dir='ltr' id='par_1_15' title="bbox 33 3448 1215 3545">
     <span class='ocr_line' id='line_1_32' title="bbox 33 3448 1215 3545; baseline 0.001 -25"><span class='ocrx_word' id='word_1_236' title='bbox 33 3460 35 3483; x_wconf 62' lang='lat'><em>¹</em></span> <span class='ocrx_word' id='word_1_237' title='bbox 136 3461 214 3543; x_wconf 87' lang='lat' dir='ltr'><strong>plari</strong></span> <span class='ocrx_word' id='word_1_238' title='bbox 228 3469 345 3545; x_wconf 74' lang='lat' dir='ltr'><strong>graeco</strong></span> <span class='ocrx_word' id='word_1_239' title='bbox 371 3461 526 3529; x_wconf 73' lang='lat' dir='ltr'><strong>voluisses</strong></span> <span class='ocrx_word' id='word_1_240' title='bbox 544 3482 625 3543; x_wconf 88' lang='lat' dir='ltr'><strong>quae</strong></span> <span class='ocrx_word' id='word_1_241' title='bbox 641 3469 747 3524; x_wconf 84' lang='lat' dir='ltr'><strong>tamen</strong></span> <span class='ocrx_word' id='word_1_242' title='bbox 763 3457 853 3525; x_wconf 76' lang='lat' dir='ltr'><strong>affert</strong></span> <span class='ocrx_word' id='word_1_243' title='bbox 873 3477 910 3517; x_wconf 84' lang='lat' dir='ltr'><strong>ea</strong></span> <span class='ocrx_word' id='word_1_244' title='bbox 928 3461 1044 3524; x_wconf 75' lang='lat' dir='ltr'><strong>cuncto</strong></span> <span class='ocrx_word' id='word_1_245' title='bbox 1059 3448 1215 3521; x_wconf 54' lang='lat' dir='ltr'><strong>exsuli!</strong></span> 
     </span>
    </p>

    <p class='ocr_par' dir='ltr' id='par_1_16' title="bbox 33 3547 1214 3845">
     <span class='ocr_line' id='line_1_33' title="bbox 33 3547 1214 3643; baseline -0.013 -22"><span class='ocrx_word' id='word_1_246' title='bbox 33 3556 34 3566; x_wconf 69' lang='grc'>’</span> <span class='ocrx_word' id='word_1_247' title='bbox 135 3560 301 3643; x_wconf 86' lang='lat' dir='ltr'><strong>desumpta</strong></span> <span class='ocrx_word' id='word_1_248' title='bbox 322 3570 415 3633; x_wconf 67' lang='lat' dir='ltr'><strong>suntr</strong></span> <span class='ocrx_word' id='word_1_249' title='bbox 437 3561 651 3623; x_wconf 85' lang='lat' dir='ltr'><strong>terminantur</strong></span> <span class='ocrx_word' id='word_1_250' title='bbox 668 3558 753 3622; x_wconf 84' lang='lat' dir='ltr'><strong>eninr</strong></span> <span class='ocrx_word' id='word_1_251' title='bbox 772 3557 869 3641; x_wconf 83' lang='lat' dir='ltr'><strong>plane</strong></span> <span class='ocrx_word' id='word_1_252' title='bbox 884 3552 998 3615; x_wconf 86' lang='lat' dir='ltr'><strong>iisdem</strong></span> <span class='ocrx_word' id='word_1_253' title='bbox 1012 3549 1130 3610; x_wconf 85' lang='lat' dir='ltr'><strong>finibus</strong></span> <span class='ocrx_word' id='word_1_254' title='bbox 1144 3547 1214 3628; x_wconf 92' lang='lat' dir='ltr'><strong>qui·</strong></span> 
     </span>
     <span class='ocr_line' id='line_1_34' title="bbox 133 3648 1213 3743; baseline -0.009 -25"><span class='ocrx_word' id='word_1_255' title='bbox 133 3657 194 3719; x_wconf 87' lang='lat' dir='ltr'><strong>bus</strong></span> <span class='ocrx_word' id='word_1_256' title='bbox 224 3658 315 3723; x_wconf 85' lang='lat' dir='ltr'><strong>illius</strong></span> <span class='ocrx_word' id='word_1_257' title='bbox 342 3668 509 3743; x_wconf 80' lang='lat' dir='ltr'><strong>excerpta,</strong></span> <span class='ocrx_word' id='word_1_258' title='bbox 541 3660 674 3742; x_wconf 85' lang='lat' dir='ltr'><strong>eiusque</strong></span> <span class='ocrx_word' id='word_1_259' title='bbox 715 3656 906 3740; x_wconf 83' lang='lat' dir='ltr'><strong>scripturum</strong></span> <span class='ocrx_word' id='word_1_260' title='bbox 934 3648 1213 3713; x_wconf 72' lang='lat' dir='ltr'><strong>dissentientem</strong></span> 
     </span>
     <span class='ocr_line' id='line_1_35' title="bbox 131 3756 1029 3845; baseline -0.002 -26"><span class='ocrx_word' id='word_1_261' title='bbox 131 3756 300 3819; x_wconf 85' lang='lat' dir='ltr'><strong>codicibus</strong></span> <span class='ocrx_word' id='word_1_262' title='bbox 323 3762 572 3842; x_wconf 81' lang='lat' dir='ltr'><strong>repraesentant.</strong></span> <span class='ocrx_word' id='word_1_263' title='bbox 1026 3839 1029 3845; x_wconf 24' lang='grc' dir='ltr'>Ι</span> 
     </span>
    </p>

    <p class='ocr_par' dir='ltr' id='par_1_17' title="bbox 127 3846 1217 4331">
     <span class='ocr_line' id='line_1_36' title="bbox 212 3846 1213 3939; baseline -0.007 -23"><span class='ocrx_word' id='word_1_264' title='bbox 212 3852 382 3918; x_wconf 88' lang='lat' dir='ltr'><strong>Editiones</strong></span> <span class='ocrx_word' id='word_1_265' title='bbox 403 3860 467 3917; x_wconf 84' lang='lat' dir='ltr'><strong>tres</strong></span> <span class='ocrx_word' id='word_1_266' title='bbox 483 3874 631 3939; x_wconf 76' lang='lat' dir='ltr'><strong>graecas,</strong></span> <span class='ocrx_word' id='word_1_267' title='bbox 653 3871 735 3939; x_wconf 83' lang='lat' dir='ltr'><strong>qnae</strong></span> <span class='ocrx_word' id='word_1_268' title='bbox 753 3853 921 3935; x_wconf 85' lang='lat' dir='ltr'><strong>hucusque</strong></span> <span class='ocrx_word' id='word_1_269' title='bbox 937 3846 1134 3934; x_wconf 81' lang='lat' dir='ltr'><strong>prodierant,</strong></span> <span class='ocrx_word' id='word_1_270' title='bbox 1159 3860 1213 3910; x_wconf 85' lang='lat' dir='ltr'><strong>sn-</strong></span> 
     </span>
     <span class='ocr_line' id='line_1_37' title="bbox 130 3941 1214 4039; baseline -0.004 -26"><span class='ocrx_word' id='word_1_271' title='bbox 130 3972 187 4037; x_wconf 85' lang='lat' dir='ltr'><strong>pra</strong></span> <span class='ocrx_word' id='word_1_272' title='bbox 211 3954 248 4014; x_wconf 87' lang='lat' dir='ltr'><strong>in</strong></span> <span class='ocrx_word' id='word_1_273' title='bbox 269 3954 470 4039; x_wconf 82' lang='lat' dir='ltr'><strong>praelatione</strong></span> <span class='ocrx_word' id='word_1_274' title='bbox 492 3942 649 4017; x_wconf 67' lang='lat' dir='ltr'><strong>indicavi!</strong></span> <span class='ocrx_word' id='word_1_275' title='bbox 684 3950 740 4016; x_wconf 87' lang='lat' dir='ltr'><strong>ubi</strong></span> <span class='ocrx_word' id='word_1_276' title='bbox 762 3952 858 4016; x_wconf 83' lang='lat' dir='ltr'><strong>etiam</strong></span> <span class='ocrx_word' id='word_1_277' title='bbox 883 3950 924 4012; x_wconf 91' lang='lat' dir='ltr'><strong>de</strong></span> <span class='ocrx_word' id='word_1_278' title='bbox 948 3941 1049 4010; x_wconf 87' lang='lat' dir='ltr'><strong>latinu</strong></span> <span class='ocrx_word' id='word_1_279' title='bbox 1068 3948 1214 4011; x_wconf 77' lang='lat' dir='ltr'><strong>versione</strong></span> 
     </span>
     <span class='ocr_line' id='line_1_38' title="bbox 130 4046 1216 4136; baseline -0.007 -23"><span class='ocrx_word' id='word_1_280' title='bbox 130 4052 200 4136; x_wconf 80' lang='lat' dir='ltr'><strong>egi,</strong></span> <span class='ocrx_word' id='word_1_281' title='bbox 228 4074 327 4135; x_wconf 87' lang='lat' dir='ltr'><strong>qnam</strong></span> <span class='ocrx_word' id='word_1_282' title='bbox 351 4053 600 4136; x_wconf 77' lang='lat' dir='ltr'><strong>christophorus</strong></span> <span class='ocrx_word' id='word_1_283' title='bbox 621 4056 778 4129; x_wconf 81' lang='lat' dir='ltr'><strong>Persona,</strong></span> <span class='ocrx_word' id='word_1_284' title='bbox 800 4050 890 4133; x_wconf 82' lang='lat' dir='ltr'><strong>prior</strong></span> <span class='ocrx_word' id='word_1_285' title='bbox 909 4048 941 4110; x_wconf 78' lang='lat' dir='ltr'><strong>S.</strong></span> <span class='ocrx_word' id='word_1_286' title='bbox 955 4046 1117 4123; x_wconf 88' lang='lat' dir='ltr'><strong>Balbinae,</strong></span> <span class='ocrx_word' id='word_1_287' title='bbox 1134 4065 1216 4109; x_wconf 89' lang='lat' dir='ltr'><strong>con-</strong></span> 
     </span>
     <span class='ocr_line' id='line_1_39' title="bbox 127 4135 1217 4235; baseline -0.006 -25"><span class='ocrx_word' id='word_1_288' title='bbox 127 4150 227 4213; x_wconf 81' lang='lat' dir='ltr'><strong>fecit:</strong></span> <span class='ocrx_word' id='word_1_289' title='bbox 252 4151 310 4232; x_wconf 88' lang='lat' dir='ltr'><strong>qni</strong></span> <span class='ocrx_word' id='word_1_290' title='bbox 330 4151 443 4213; x_wconf 87' lang='lat' dir='ltr'><strong>itidem</strong></span> <span class='ocrx_word' id='word_1_291' title='bbox 459 4162 580 4235; x_wconf 86' lang='lat' dir='ltr'><strong>purtem</strong></span> <span class='ocrx_word' id='word_1_292' title='bbox 604 4152 760 4214; x_wconf 86' lang='lat' dir='ltr'><strong>librorum</strong></span> <span class='ocrx_word' id='word_1_293' title='bbox 783 4147 932 4229; x_wconf 79' lang='lat' dir='ltr'><strong>Procopii</strong></span> <span class='ocrx_word' id='word_1_294' title='bbox 945 4144 1117 4235; x_wconf 74' lang='lat' dir='ltr'><strong>transtulit</strong></span> <span class='ocrx_word' id='word_1_295' title='bbox 1137 4135 1217 4205; x_wconf 74' lang='lat' dir='ltr'><strong>Earn</strong></span> 
     </span>
     <span class='ocr_line' id='line_1_40' title="bbox 128 4241 1217 4331; baseline -0.006 -24"><span class='ocrx_word' id='word_1_296' title='bbox 128 4248 162 4309; x_wconf 90' lang='lat' dir='ltr'><strong>in</strong></span> <span class='ocrx_word' id='word_1_297' title='bbox 180 4249 326 4313; x_wconf 78' lang='lat' dir='ltr'><strong>Fabricii</strong></span> <span class='ocrx_word' id='word_1_298' title='bbox 345 4250 563 4329; x_wconf 83' lang='lat' dir='ltr'><strong>bibliotheca,</strong></span> <span class='ocrx_word' id='word_1_299' title='bbox 586 4250 625 4313; x_wconf 87' lang='lat' dir='ltr'><strong>ab</strong></span> <span class='ocrx_word' id='word_1_300' title='bbox 641 4248 787 4313; x_wconf 87' lang='lat' dir='ltr'><strong>Harlesio</strong></span> <span class='ocrx_word' id='word_1_301' title='bbox 807 4246 983 4331; x_wconf 79' lang='lat' dir='ltr'><strong>recognita,-</strong></span> <span class='ocrx_word' id='word_1_302' title='bbox 1004 4242 1137 4306; x_wconf 81' lang='lat' dir='ltr'><strong>invenio</strong></span> <span class='ocrx_word' id='word_1_303' title='bbox 1155 4241 1217 4301; x_wconf 80' lang='lat' dir='ltr'><strong>tm·-</strong></span> 
     </span>
    </p>
   </div>
   <div class='ocr_carea' id='block_1_3' title="bbox 33 4410 37 4467">
    <p class='ocr_par' dir='ltr' id='par_1_18' title="bbox 33 4410 37 4467">
     <span class='ocr_line' id='line_1_41' title="bbox 33 4410 37 4467; baseline 0 0"><span class='ocrx_word' id='word_1_304' title='bbox 33 4410 37 4467; x_wconf 88' lang='grc'><strong>1</strong></span> 
     </span>
    </p>
   </div>
   <div class='ocr_carea' id='block_1_4' title="bbox 0 0 1560 4950">
    <p class='ocr_par' dir='ltr' id='par_1_19' title="bbox 0 0 1560 4950">
     <span class='ocr_line' id='line_1_42' title="bbox 0 0 1560 4950; baseline 0 0"><span class='ocrx_word' id='word_1_305' title='bbox 0 0 1560 4950; x_wconf 95' lang='lat' dir='ltr'><strong> </strong></span> 
     </span>
    </p>
   </div>
  </div>
 </body>
</html>
