3109 4950
426 315 709 380 ursuoursumc
738 323 777 382 v.
797 324 832 391 9.
1124 318 1203 405 297

121 473 160 536 ἐν
174 453 360 555 ’ἑξαμέτροις
395 473 606 554 πεπονημένα,
642 463 677 546 ός
709 467 747 555 δή
772 468 927 557 τάπρύτα
946 472 1044 541 τελύν
1078 473 1114 538 ἐν
1142 479 1244 549 rotet.
1257 487 1287 544 (t
1301 484 1352 558 ⁵⁵7

38 603 40 612 ν
121 564 286 657 circuistis
310 570 442 651 βασιλέα
464 571 557 653 σιγῆς
578 567 777 650 ἐπιστάταις,
807 571 915 653 γόνους
937 594 972 635 τε
994 558 1299 654 ιιοσμοόμενοςῑΙσδι

123 667 201 756 δόξῃ
219 665 275 732 καί
293 669 428 733 πλοῦτον
448 658 591 754 ἄφθονον
615 669 650 734 ἐκ
670 664 832 754 προγόνων
853 667 1089 752 διαδεξόμενος,
1120 663 1305 752 &perv-1⁰2

37 807 38 820 ο
121 767 252 832 παιδεία
275 790 311 850 γε
332 765 420 854 αὐτῷ
437 764 493 829 καί
515 763 615 849 λόγοιν
636 758 766 853 ἄσκησις
798 767 1038 832 διεσπούδαστο·
1077 768 1132 834 καί
1155 768 1210 834 ε’πί

98 867 227 940 ὄτοῖσδε
249 866 368 947 μᾶλλον
384 855 428 950 ηύ
426 889 479 948 χει
499 869 555 930 καί
584 862 775 946 ἐσεμνύνετο.
797 863 854 930 καί
872 863 977 931 τοίνυν
992 867 1164 951 πεποίηταί
1180 865 1212 933 οἱ

123 963 180 1032 καί
193 955 274 1028 ἄλλα
292 962 336 1040 σός
349 971 480 1029 πλεῖστα
502 961 663 1049 ποιήματα
688 962 812 1049 μνήμης
829 988 864 1029 τε
890 956 964 1043 ἀξια
987 963 1042 1030 καί
1064 965 1234 1048 inminuit

122 1069 214 1133 δοκεῖ
238 1065 354 1144 δόμοι
378 1059 418 1126 τὰ
448 1061 503 1127 ε’πί
534 1062 578 1149 τῷ
607 1065 665 1152 νεῷ
686 1065 834 1150 εἰρημένα
872 1057 1016 1145 μείζονός
1042 1087 1078 1129 τε
1110 1059 1209 1128 πόνον

121 1168 178 1230 καί
193 1162 365 1246 ἐπιστήμης
384 1155 522 1227 ἀνάπλεα
541 1157 745 1242 καθεστάναι,
768 1156 832 1250 όσιρ
850 1162 941 1246 seiri
961 1158 1210 1242 ότιόθεσιςθαο-Ι

120 1263 319 1346 μασιωτόρα.
353 1257 496 1346 εὑρήσεις
513 1258 573 1346 γὰρ
594 1253 634 1327 ἀν
658 1261 692 1326 ἐν
711 1256 821 1339 αὐτοῖς
842 1259 902 1346 τήν
920 1255 994 1346 ὅλην
1017 1264 1073 1344 τῆς
1090 1263 1209 1335 δέσεως

73 1358 310 1442 ιοεύκοσμίαν,
339 1361 396 1424 καί
413 1355 472 1434 τάς
502 1360 567 1425 τεόν
583 1359 746 1441 μετάλλων
764 1358 876 1445 φύσεις
889 1356 1062 1424 λεπτότατα
1082 1361 1210 1441 κατεξη-

120 1459 290 1540 τασμένοις,
311 1459 375 1521 τεόν
386 1481 421 1524 τε
435 1459 734 1542 προτεμενισμότιον
746 1453 783 1522 τό
795 1451 949 1543 εύπρεπὲς
964 1452 1031 1538 ἅμα
1048 1455 1104 1522 καί
1114 1455 1210 1537 ἀναγ-

120 1565 210 1626 καῖον
217 1606 229 1636 ,
258 1558 379 1641 μεγέθη
407 1581 443 1623 τε
474 1555 728 1639 καόύιγιόματα,
757 1559 814 1621 καί
837 1550 896 1621 ὅσα
922 1553 1112 1643 ἰθύγραμμα
1130 1552 1211 1638 σχή-

118 1682 208 1739 ματα
232 1655 288 1722 καὶ
311 1651 371 1723 όσα
397 1654 526 1722 κοκλικό
537 1707 548 1737 ,
581 1659 637 1721 καί
659 1650 723 1720 dou
746 1655 883 1741 ἐκκρεμῆ
908 1653 964 1719 καί
985 1657 1210 1740 προτεταμένα,

33 1835 34 1838 ¹
78 1833 85 1842 δ
119 1758 225 1841 γνοίης
251 1758 287 1821 δὲ
307 1751 347 1825 ἀν
372 1758 408 1821 ἐκ
424 1759 486 1821 τόν
509 1756 593 1820 όπῶν
619 1757 675 1821 καί
709 1748 795 1830 όποις
812 1752 941 1842 ἀργύρῳ
967 1751 1078 1822 τεκαὶ
1098 1752 1210 1838 χρυσῷ

78 1850 157 1925 τότό
178 1851 343 1941 ἱερώτερον
363 1853 483 1940 χωρίον
500 1855 556 1918 καί
569 1862 635 1928 τοῖς
656 1847 848 1938 ἀπορρήτοις
865 1846 1122 1939 ἀποκεκριμένον,
1150 1874 1209 1916 πο-

119 1955 331 2018 λυτελέστατα
352 1951 645 2033 καταπεποίκιλται,
663 1950 719 2016 καί
731 1949 809 2018 εἴτι
825 1943 901 2015 ἀλλο
915 1951 1064 2036 πρόσεστι
1081 1953 1164 2036 μέγα
1185 1945 1208 2034 ἢ

119 2051 287 2134 ἐλάχιστον
306 2047 479 2136 γνώρισμα,
497 2049 536 2114 ού
549 2059 638 2132 μεῖον
653 2043 674 2134 ἢ
692 2045 721 2114 oi
738 2045 831 2129 θαμό
846 2050 882 2114 ἐν
905 2044 993 2138 αύτῷ
1016 2047 1237 2136 περιπότοοςο

118 2146 304 2232 ποιούμενοι
324 2153 380 2214 καί
403 2143 530 2214 ἅπαντα
553 2150 807 2222 διασκοποῦντες.
843 2144 924 2212 ἀλλά
942 2145 1003 2233 γάρ
1018 2143 1076 2231 ἥδε
1103 2150 1163 2227 μὲν
1188 2133 1210 2229 ἦ

119 2251 252 2336 δευτέρα
288 2253 348 2314 τού
377 2245 437 2314 reci
478 2246 627 2331 ἐπισκεοή
661 2250 716 2314 καί
747 2240 927 2332 ἀνόρθωσις
956 2245 1048 2334 ὀλίγῳ
1078 2240 1209 2331 όστερον

74 2348 221 2437 αοχρόνιρ
240 2343 448 2435 ἀπείργασται
470 2347 526 2424 καί
542 2350 758 2433 ξονετελέσόη.

195 2449 225 2515 ί.
262 2441 396 2517 Ἐκείνον
419 2449 454 2515 δὲ
477 2451 537 2515 τού
558 2446 648 2526 ἔτεος
673 2443 741 2532 ἅμα
765 2440 823 2535 ἤρι
843 2447 1009 2539 ἀρχομένην
1044 2445 1240 2533 silerum-A.
1257 2458 1347 2518 0558

1225 2534 1301 2587 tta

1352 2650 1384 2667 N

118 2553 176 2635 δης
192 2549 283 2626 νόσος
306 2542 406 2626 αὖθις
424 2550 464 2637 τῇ
483 2546 570 2614 πόλει
591 2550 734 2629 ἐνέπεσε,
756 2547 813 2613 καί
825 2551 927 2636 μυρία
943 2550 1107 2643 διέφθειρε
1123 2536 1224 2630 πλή-Ι

191 2709 213 2743 r.
232 2694 293 2745 τοῖς
311 2688 389 2759 ἀμφὶ
406 2690 591 2754 linotet&
608 2686 688 2762 ἀμφὶ
716 2690 787 2760 vulg.
859 2688 1005 2761 4,τιαιδίρ
1024 2692 1053 2755 Β,Ι
1132 2709 1157 2761 7.
1176 2690 1209 2745 δέ

160 2776 161 2781 ’
189 2774 243 2839 μοι
261 2761 309 2823 lt,
329 2774 383 2829 μοι
400 2755 514 2847 disulg.
1140 2766 1142 2772 ’

119 2896 196 2949 Flori
209 2895 282 2947 filius
298 2894 462 2947 hexametris
483 2895 606 2950 versibus
631 2899 807 2967 conscripsit,
825 2897 874 2968 qui
892 2897 1005 2969 quidem
1030 2897 1206 2967 'primiceriuq

122 2968 256 3019 exsistens
269 2970 405 3035 regiorum
418 2967 640 3030 silentiarium,
657 2976 685 3020 et
695 2968 801 3036 generis
807 2968 894 3036 gloria
907 2970 1003 3030 clarus,
1014 2968 1206 3037 amplissimas-

119 3054 172 3107 que
185 3054 201 3089 a
213 3037 363 3089 maioribus
379 3036 434 3087 suis
451 3052 516 3104 opes
531 3035 667 3106 adeptus,
694 3038 839 3089 doetrinae
861 3045 953 3088 tamen
975 3038 1206 3108 eloquentiaeque

118 3124 240 3177 maguam
253 3124 365 3177 operam
379 3106 563 3175 impenderat,
589 3108 692 3179 quibus
708 3117 736 3160 et
755 3110 840 3176 magis
859 3107 1026 3175 gloriabatur
1047 3116 1077 3159 et
1094 3107 1206 3166 decora-

119 3176 206 3235 batur.
250 3179 366 3247 Scripsit
390 3179 483 3247 itaque
510 3180 665 3253 etiamfalia
692 3178 891 3249 quamplurima
912 3181 1040 3245 poemata
1056 3180 1206 3239 memoratu

120 3247 200 3315 digna
211 3256 239 3301 et
255 3248 345 3303 laude.
371 3247 509 3301 Videntur
522 3258 613 3301 autem
630 3247 699 3303 mihi
714 3264 785 3319 quse
810 3246 845 3299 de
865 3247 968 3315 templo
986 3247 1104 3316 scripsit,
1128 3254 1205 3302 tanto

119 3320 221 3369 maiore
239 3326 267 3370 et
282 3319 378 3371 labore
401 3326 430 3371 st
452 3319 703 3381 cotrarietatem,
732 3324 835 3389 quanto
857 3325 886 3369 et
914 3326 1102 3385 argumentum
1117 3316 1205 3384 ipsum

119 3394 161 3443 cst
186 3388 381 3441 admirabilius.
427 3387 585 3457 Comperies
611 3392 685 3443 enim
709 3390 740 3441 in
757 3390 794 3440 iis
812 3389 969 3440 uuiversum
994 3388 1063 3439 situs
1089 3389 1203 3449 concin-

119 3473 225 3527 ueeque
244 3456 431 3528 dispositionis
448 3459 573 3512 ordinem
598 3470 626 3512 et
646 3459 820 3513 metallorum
841 3466 951 3517 naturas
966 3458 1144 3510 subtilissime
1157 3474 1206 3509 ex-.

119 3528 250 3602 ploratum
268 3530 464 3583 vestibulorum
480 3531 564 3583 etiam
579 3532 677 3599 templi
692 3530 854 3600 elegantium
873 3530 975 3597 pariter
995 3538 1023 3581 et
1044 3530 1204 3590 utilitatem,

118 3596 316 3666 magnitudines
332 3617 442 3671 quoque
466 3609 494 3654 et
516 3600 691 3663 altitudines,
718 3608 858 3673 quotquot
881 3600 963 3651 etiam
977 3608 1042 3652 sunt
1057 3600 1157 3668 figurae
1173 3600 1204 3661 in
1302 3649 1305 3657 ,

118 3668 203 3718 altum
215 3666 347 3731 directae,
366 3678 394 3723 et
415 3679 555 3742 quotquot
572 3671 754 3734 orbiculares,
779 3677 917 3741 quotquot
936 3670 1020 3721 etiam
1036 3670 1157 3737 pensiles
1176 3678 1205 3733 et

116 3746 269 3808 protensae.
306 3738 468 3809 Cognoveris
484 3759 594 3814 quoque
608 3759 623 3794 e
641 3740 823 3804 carminibus,
833 3758 888 3811 quo
901 3750 981 3810 pacto
999 3747 1112 3809 argento
1128 3739 1205 3808 pari÷

117 3816 159 3861 ter
176 3816 259 3878 atque
277 3825 343 3863 auro
363 3813 492 3864 sacratior
509 3814 584 3867 locus
603 3821 632 3866 et
647 3813 784 3880 mysteriis
802 3813 948 3881 separatim
965 3810 1117 3863 destinatus
1129 3827 1203 3862 sum-.

117 3879 291 3949 ptuosirsime
316 3879 352 3931 sit
374 3891 534 3945 exornatus,
560 3892 588 3935 et
615 3884 638 3935 si
660 3882 735 3955 quod
759 3890 801 3935 est
818 3881 895 3938 aliud
911 3896 1037 3950 magnum
1055 3887 1103 3931 aut
1118 3880 1203 3945 mini-

117 3965 190 3999 mum
208 3957 405 4013 oruamentum,
422 3951 511 4003 nihilo
525 3955 625 4016 miuus,
646 3969 728 4023 quam
741 3953 791 4022 qui
805 3951 899 4005 crebro
917 3952 947 4002 iu
969 3966 1002 4001 eo
1023 3950 1203 4004 obambulant

119 4021 264 4089 omniaque
284 4021 445 4088 inspectant
481 4021 566 4091 Atqui
583 4021 702 4075 secunda
719 4021 789 4074 haee
803 4022 902 4090 templi
926 4020 1040 4075 reiectio
1057 4030 1139 4095 etque
1158 4023 1203 4073 in-

119 4090 246 4141 stauratio
266 4089 343 4143 brevi
357 4098 421 4161 post
436 4097 558 4159 tempore
574 4092 700 4144 instituta
714 4093 892 4161 perfectaque
907 4100 956 4144 est.

189 4176 226 4211 ιο.
255 4160 358 4213 Eodem
385 4175 448 4212 vcro
476 4178 548 4213 cuno
571 4162 661 4214 statim
687 4162 801 4213 ineunte
826 4177 889 4215 vere
915 4162 1075 4230 pestilentis
1101 4162 1203 4216 iterum

120 4224 212 4289 urben
225 4232 335 4301 irvasit,
355 4233 534 4296 ceraunium
546 4231 753 4297 multitudinem
770 4232 897 4304 secute
914 4249 984 4314 quos
1000 4233 1201 4314 quiscerem
