3109 4950
434 313 717 386 flisToitllunrt
729 309 864 394 -·'V.s1i‡.
1108 302 1201 413 307·

80 527 88 538 ,
115 459 348 560 λαβόμενοιτῆς
361 467 519 561 ῥρδομιλις
539 473 569 536 οἱ
582 472 639 558 τὴν
653 475 805 560 δευτέραν
820 468 859 562 ἀρ
861 475 923 560 χὴν
943 481 1004 551 τῶν
1021 477 1221 566 ,σαόπτροινλ
1237 497 1264 548 C.
1281 493 1330 552 558

116 578 287 654 διέποντες,
310 567 420 654 οἶςδὴ
438 577 620 656 φορολογεῖν
637 570 694 656 τήν
716 571 856 657 ὑπήκοον
876 575 932 638 καί
955 571 1020 642 εἶτα
1040 569 1252 659 διανέμεινῙ·Ῑ·
1265 567 1298 623 3²

113 680 178 747 τοῖς
201 669 415 758 στρατεύμασι
439 666 480 732 τό
504 669 664 754 ἐπιτήδεια
682 669 956 757 ἐκπεφρόντισται,
986 667 1073 740 οὗτοι
1096 673 1135 761 δὴ
1156 677 1195 743 ed

113 773 172 852 μὲν
188 771 371 855 περιφανῶς
389 767 599 853 ἀπεστέρουν,
619 765 660 830 τό
679 770 791 847 δὲκαί
813 773 916 857 πολλῷ
932 766 1060 857 ὕστερον
1073 766 1103 858 ἢ
1119 773 1196 860 ὅπη-

95 870 183 934 sarta
198 871 297 954 ἐχρῆν
315 866 518 930 ἀπεδιδοσαν·
538 868 682 940 δοθέντος
698 870 734 931 δέ
750 861 837 948 ὅμως
853 866 915 950 όψέ
934 873 1010 952 γοῦν
1020 875 1078 935 τοῦ
1096 869 1196 959 ‹ipiti-

113 990 230 1049 ματος,
251 963 353 1040 addire
376 962 406 1026 οἱ
423 962 483 1049 τὴν
496 967 675 1050 πανοῦργον
697 965 816 1050 ταύτην
833 969 888 1030 καί
913 966 1042 1054 δημώδη
1063 975 1195 1056 λογιστι-

114 1063 172 1149 κήν
197 1061 386 1149 ἠσκημένοι,
417 1065 585 1148 ἐφίσταντο
606 1072 671 1138 τοῖς
698 1063 881 1146 ιιαταλόγοις
907 1069 963 1130 καὶ
990 1069 1194 1134 ἀνεκαλοῦντο

113 1160 151 1226 roi
167 1164 398 1248 πεπορισμένα.
418 1163 510 1224 τοότο
531 1158 593 1246 γάρ
611 1155 719 1236 αάτοῖς
734 1163 829 1247 γέρας
847 1187 881 1226 τε
896 1163 1020 1250 όπῆρχε
1036 1165 1091 1230 καί
1101 1167 1224 1246 tigrim

112 1288 177 1343 μα,
210 1259 247 1325 τό
272 1269 338 1335 τοῖς
357 1257 565 1345 στρατιώταις
594 1260 790 1344 ἐπικλήματα
819 1260 946 1344 ἐπάγειν
975 1255 1083 1329 dilate
1105 1259 1194 1350 ἀλλα,
1226 1279 1229 1286 ’

80 1365 173 1427 rosas*
194 1364 250 1444 τῆς
276 1361 395 1443 ἐδωδῆς
417 1353 533 1433 αάτοός
554 1355 775 1444 ἀφαιρεῖσθαι·
796 1358 850 1423 aas*
866 1359 1008 1447 καθάπερ
1034 1365 1068 1427 ἐν
1084 1360 1198 1452 παλιρ-

114 1459 187 1547 ροέρι
211 1458 335 1522 ὑδάτων
352 1451 428 1521 αάτό
452 1453 554 1541 δήπου
575 1453 611 1520 τό
643 1460 756 1541 μέτρον
777 1460 835 1541 τῆς
861 1463 1114 1546 παρασχεθειλοης
1131 1474 1196 1540 τοῖς

113 1556 254 1640 τάγμασι
270 1559 499 1644 δασμοφορέας,
521 1548 579 1619 oda
597 1548 667 1618 οἶδα
688 1549 794 1618 όντινα
826 1555 951 1642 τρόπον,
968 1560 1002 1632 ἐς
1020 1551 1196 1640 τοάμπαλιν

112 1656 358 1737 μετωχετεόετο,
396 1656 451 1718 καί
475 1651 606 1741 ἐπανῄει
637 1647 712 1717 ‹ides›
736 1650 846 1740 ἐρρύη·
881 1653 936 1718 καί
963 1651 1043 1720 οὕτω
1071 1652 1130 1738 μὲν
1158 1657 1206 1728 τό,

112 1754 322 1839 ἀπερμαχοάν
337 1753 393 1816 aas*
403 1749 680 1838 παραταττόμενον
690 1755 897 1836 ,κατημέλητα
919 1752 973 1817 καὶ
985 1759 1104 1842 τροφῆς
1118 1756 1196 1840 ἀπα

77 1848 168 1941 ι’ὅρέρι
183 1848 363 1932 πιεζόμενοι
377 1853 606 1932 κατελίμπανον
621 1847 696 1924 τοός
715 1850 848 1932 ἀγῶνας,
867 1847 913 1926 οἷς
929 1850 1097 1936 ἐτύγχανον
1114 1858 1196 1919 ἐντε-

112 1953 303 2038 θρυμμένον
323 1952 378 2013 καί
391 1941 480 2013 ἄλλοι
496 1941 612 2012 ἄλλοθι
627 1949 822 2032 ἀπεχώρουν,
844 1948 886 2024 οἷς
903 1950 1009 2036 ἕτερόν
1025 1973 1095 2016 τινα
1106 1977 1197 2034 μετεἢ

112 2046 301 2131 λουσόμεναι
314 2051 394 2130 βίον·
414 2051 459 2122 εἰς
482 2050 518 2112 δὲ
536 2057 686 2131 γυναῖκας
708 2043 867 2128 ἀκόσμους
896 2047 941 2123 ἀς
960 2044 1000 2111 τό
1025 2049 1125 2115 πολλὰ
1140 2054 1197 2115 καί
1271 2031 1277 2050 ’

111 2149 263 2234 ἡνιόχους
278 2149 337 2210 κατ’.
348 2138 467 2232 ἀνδρας
479 2147 615 2228 ἀγεννεῖς
629 2147 739 2226 μὲνέν
756 2153 822 2219 τοῖς
837 2145 1016 2228 ἀναγκαίοις
1033 2151 1086 2210 καί
1099 2147 1220 2232 ἅβρα-0

113 2245 276 2326 διοιέτους,
295 2242 394 2325 μόνον
410 2247 445 2309 δὲ
458 2241 540 2330 πρός
559 2241 616 2318 τὰς
631 2245 796 2328 ἐμφύλους
811 2241 956 2329 ταραχὰς
978 2247 1033 2308 καί
1046 2244 1102 2328 τήν
1123 2243 1199 2331 περὶ

75 2342 154 2414 sord
173 2342 333 2430 χρώματα
353 2339 421 2428 ἔριν
447 2346 596 2423 ἐμμανεῖς
619 2345 674 2406 καί
698 2341 900 2427 θαρραλέους
907 2391 917 2422 ,
944 2344 1000 2406 καί
1019 2335 1132 2430 ἀλλους
1151 2344 1197 2410 ἔτι

111 2444 234 2510 τούτων
250 2435 482 2529 ἀχρειοτέρους,
503 2437 543 2507 τά
561 2436 768 2528 στρατιωέιιιά
780 2435 1002 2509 ἐσκεδάννοντο
1027 2437 1196 2527 χρήμαται
1222 2522 1225 2527 ¹

181 2587 299 2656 λοότοι
317 2599 348 2654 dt
363 2604 392 2653 R.
436 2605 460 2657 5.
479 2599 527 2655 dte
543 2604 620 2673 γοῦν
630 2603 670 2667 tt,
686 2602 770 2671 Intpr.
801 2614 948 2675 οοααπραε.
1018 2601 1042 2653 8.
1061 2597 1196 2658 vverolt.

181 2674 233 2723 καὶ
250 2688 300 2739 pro
318 2668 377 2743 γὰρ
396 2673 454 2739 aph.
473 2674 529 2727 Par.
604 2691 629 2743 p
648 2674 848 2743 ἔκκλήματαλλ.
938 2688 977 2727 τι.
1002 2674 1051 2724 Pro
1069 2666 1101 2721 τό
1122 2672 1195 2721 lacu-

182 2759 222 2793 na
240 2742 270 2792 in
289 2743 318 2793 li.
394 2743 484 2811 ιγιδς
501 2741 536 2795 τοὶ
554 2740 647 2795 πολλὰ
666 2762 717 2796 om.
736 2746 765 2794 li.
786 2753 814 2796 et
832 2746 916 2812 Intpr.
1005 2760 1048 2795 ao.
1058 2739 1195 2809 χρώματα

183 2836 219 2854 ι-
245 2812 302 2862 scil.
325 2812 355 2863 in
388 2812 460 2865 ludis
484 2814 679 2880 Circensibus3
703 2814 835 2885 χρήματα
861 2816 927 2877 Pau,
957 2813 1041 2881 Intpr.
1079 2812 1195 2881 σώματα

183 2884 276 2951 legere
307 2882 361 2933 sibi
388 2882 544 2937 videbatur:
576 2885 675 2938 civiles
698 2885 884 2939 ἰηειιλίιίοηει
907 2886 1027 2937 intentos
1053 2895 1081 2936 et
1097 2898 1195 2953 corpo-

183 2970 245 3007 rum
257 2969 359 3007 cusanc

115 3106 272 3158 necessaria
290 3103 484 3175 suppeditandi
495 3120 559 3155 cura
572 3103 699 3173 imposita
721 3110 793 3166 erat,
811 3101 841 3153 bi
857 3105 956 3171 partim
970 3111 1063 3171 aperte
1079 3112 1124 3157 eoi
1144 3096 1202 3155 tle-⁵
1244 3154 1245 3159 ,

114 3177 297 3238 fraudabant,
314 3176 415 3244 partim
427 3175 513 3225 multo
524 3175 620 3237 aerius,
635 3185 718 3245 quam
742 3171 896 3241 oportebat,
912 3173 1109 3241 persolvebant.
1128 3175 1193 3225 Pcr—
1233 3223 1237 3230 ,

113 3248 205 3298 soluto
218 3262 283 3297 vero
301 3248 363 3308 iam,
380 3260 543 3313 quamquam
559 3262 628 3306 sero,
645 3244 749 3307 debito,
768 3244 859 3294 statim
875 3244 942 3293 hiin
957 3243 1128 3295 fraudulenta
1144 3244 1193 3293 itta

114 3323 143 3367 et
165 3315 295 3385 populari
312 3316 499 3384 supputatoria
522 3322 579 3365 arte
595 3315 754 3376 exercitati,
778 3311 872 3363 fraude
897 3329 959 3375 eos,
982 3314 1030 3381 qui
1056 3312 1192 3381 stipendia

113 3386 249 3437 militaria
266 3384 408 3454 cogebant,
420 3384 628 3446 adoriebantur,
649 3392 756 3453 atquae
776 3385 832 3434 iam
848 3382 984 3451 persoluta
1004 3392 1089 3445 erant,
1111 3398 1191 3449 repo-

113 3456 237 3507 scebant
273 3455 325 3506 Hic
347 3457 420 3507 enim
440 3471 535 3506 eorum
557 3453 645 3507 bonor
666 3472 697 3504 ac
714 3453 832 3523 dignitas
854 3460 929 3515 erat,
948 3453 1009 3503 aliis
1028 3460 1109 3521 atqu'e
1130 3453 1192 3501 aliis

113 3524 355 3576 criminationibus
370 3526 471 3577 milltes
484 3524 614 3576 lacessere
629 3523 793 3593 cibariisque
810 3540 855 3576 cos
867 3522 1037 3589 defraudare,
1058 3538 1089 3573 ac
1101 3536 1196 3591 quem-¹

114 3591 267 3646 admodum
296 3595 325 3643 iti
348 3596 485 3663 reciproco
508 3594 583 3645 fluxu
602 3594 761 3662 ‘relluxuquc
777 3593 911 3644 undarum
934 3594 1007 3645 idem
1030 3591 1196 3654 demensum,

156 3660 195 3714 od
207 3677 241 3711 ex
256 3661 367 3715 tributis
386 3664 420 3715 ad
438 3658 559 3734 legiones
575 3663 759 3725 deferebatur,
776 3665 868 3715 nescio
887 3678 942 3731 quo
957 3670 1035 3731 pacto
1049 3670 1195 3711 retrorsum
1291 3666 1292 3671 ’

114 3678 311 3794 tiddirivabatun
328 3733 488 3804 redibatque
505 3733 610 3797 eodem,
620 3735 694 3787 unde
711 3732 833 3785 fluxerat
852 3730 941 3801 Atque
958 3736 996 3784 itu
1009 3730 1118 3799 quidem
1132 3746 1196 3798 pro··

114 3810 282 3875 pugnatores
299 3809 328 3852 et
339 3804 516 3870 proeliatores
528 3804 746 3874 negligebantur,
761 3812 791 3854 et
804 3802 966 3853 cibariorum
979 3801 1195 3869 penuriapressi3
1223 3859 1226 3866 1

115 3874 247 3926 militiam
263 3870 433 3941 bellicosque
446 3874 560 3937 labores,
579 3875 609 3923 in
644 3874 726 3925 uibus
744 3881 823 3925 etant
840 3873 964 3933 enutriti,
981 3870 1148 3933 deserebant,
1167 3869 1200 3922 ct'
1218 3872 1221 3921 ζ

115 3945 169 3996 alii
184 3943 239 3995 alio
254 3940 457 4006 dilabebantur,
474 3944 560 3994 veluti
575 3944 631 3994 aliu
666 3946 739 3994 vitae
756 3958 840 4011 genus
859 3938 1015 4006 amplexari.
1051 3941 1081 3989 Iu
1094 3942 1195 4008 mulia-v
1249 3939 1258 3955 ²

116 4029 161 4064 res
189 4028 253 4063 vero
283 4012 440 4064 inhonestas
463 4014 579 4063 maxima
605 4026 638 4065 ex
657 4019 735 4079 parte
765 4019 794 4063 et
819 4010 923 4076 aurigas
951 4008 1067 4060 etvir'os
1089 4020 1194 4077 parum,

116 4082 169 4133 ubi
198 4099 240 4134 res
262 4083 421 4153 postularet,
434 4082 533 4144 fortes,
557 4081 604 4132 scd
618 4081 773 4142 delitiosus,
794 4081 897 4149 quique
920 4078 954 4130 ad
976 4080 1067 4129 ciuiles
1088 4084 1194 4131 tanturn'

116 4150 214 4201 turbas
238 4161 267 4204 et
292 4154 357 4206 circi
380 4152 510 4204 sactiones
538 4166 636 4201 vesano
661 4150 783 4220 ¹quodam
810 4146 902 4200 studio
934 4148 1099 4217 audaciaque
1122 4150 1195 4199 λοιοἆ

116 4220 219 4273 bantur
229 4259 237 4285 ,
255 4231 284 4275 et
297 4225 326 4275 in
347 4224 417 4275 alios
440 4220 484 4274 bis
498 4218 587 4274 adhuc
606 4220 763 4272 inutiliores
779 4218 907 4273 militaria
925 4218 1059 4289 stipendia
1078 4218 1194 4285 dissipa*
