3109 4950
439 302 724 367 nisronnnun
751 306 805 365 ιτ.
826 310 877 373 12.
962 292 965 301 '
1146 274 1224 361 231

139 482 208 541 νες,
238 459 307 525 τότε
322 457 361 543 δὴ
384 450 520 532 ἅπαντες
541 458 574 531 ἐς
593 436 898 539 οἶκτούέτρύποντο,
927 454 1171 540 δποβεβληκὰτες
1190 453 1365 519 τδΑ.0.5.55

138 566 340 642 χαλεπαῖνον.
370 553 426 619 καί
442 554 497 619 ἐπὶ
512 554 638 631 τούτοις
656 556 785 619 ἐλέλυτο
805 557 866 635 μὲν
881 548 900 616 ὅ
917 550 1019 644 οἰγιύν·ι
1041 551 1072 618 oi
1090 556 1126 619 δὲ
1143 530 1257 618 Κύλ-ι
1271 531 1335 602 “⁹
1368 575 1372 584 ‘

139 680 195 741 χοι
214 651 310 733 aisse
322 656 482 719 διετέλουν
498 647 583 720 εύνοι
597 646 681 730 ὄντες
698 654 730 728 ἐς
748 648 789 717 τύ
804 651 944 734 μάλιστα
963 651 1155 735 Ῥωμαίοις,
1176 658 1232 718 κατ’

140 752 195 821 τὸν
215 756 368 841 πρότερον
388 749 611 835 ἀνανεούμενοι
627 752 753 838 τρόπον.

121 856 141 918 5
227 856 278 936 ιβ.
325 851 454 919 Τούτων
472 854 699 937 γεγενημένων,
719 849 761 916 τύ
777 856 837 935 μὲν
855 852 919 918 τῶν
944 849 1117 936 Ῥωμαίων
1135 868 1263 938 στρυι·Β

142 952 262 1017 τύπεδα
286 950 482 1033 διεχείμαζεν
508 946 569 1016 οἷνοὶ
594 947 633 1013 τύ
655 948 835 1031 πολίσματύ
855 974 890 1013 τε
912 952 967 1014 καί
989 950 1147 1037 φρούρια,
1169 946 1232 1017 δι’σ-

142 1078 186 1136 πη
210 1046 330 1139 ἑκάστῳ
355 1051 543 1115 διετέτακτο.
570 1048 722 1138 ἐντούτῳ
744 1052 780 1113 δὲ
800 1042 914 1136 ἄνδρες
935 1050 998 1114 τῶν
1019 1047 1108 1135 παρὰ
1128 1054 1232 1115 Μισι-

141 1157 268 1231 μιανοῖς
289 1145 524 1213 δυνατωτάτων
547 1150 580 1223 ἐς
600 1144 741 1234 Ἰβηρίαν
758 1146 846 1232 παρὰ
868 1146 922 1214 τὸν
939 1149 1134 1234 Ναχοραγδν
1154 1150 1232 1235 οἰητ-

144 1246 284 1328 ιιόμενοι,
313 1240 435 1310 ἅπαντά
453 1242 482 1309 οἱ
502 1246 677 1329 διήγγειλεν
700 1244 738 1311 τύ
766 1246 821 1311 ε’πδ
838 1245 1010 1336 Σωτηρίχῳ
1026 1245 1106 1330 πρὸς
1126 1240 1233 1312 αύτῶν

103 1348 368 1429 ιοτετολμημένα·
388 1341 445 1427 τὴν
467 1347 527 1426 μὲν
548 1343 768 1429 ἀληθεστάτην
794 1344 897 1409 αἰτίαν
909 1339 1014 1431 ἡρέμα
1033 1345 1233 1430 inexperto-

143 1460 255 1529 μενοι,
285 1446 419 1526 λέγοντες
441 1445 493 1525 δὲ,
515 1440 558 1520 οἷς
587 1441 695 1529 ἐπειδὴ
721 1446 903 1509 ἐκπλείστου
924 1442 1120 1530 wilimaris
1142 1442 1233 1527 ἐτύγ-

142 1567 242 1627 χανον
259 1538 428 1629 ᾑρημένοι,
457 1542 752 1628 προπηλακίζεσθαι
772 1545 858 1630 σφοῖς
875 1543 938 1609 ύτιὸ
961 1568 996 1607 τε
1019 1540 1158 1625 Κόλχων
1175 1536 1234 1605 σύ.

142 1642 206 1707 τῶν
224 1639 279 1705 καί
305 1637 493 1723 Ῥωμαίων,
515 1640 570 1705 καί
586 1643 621 1707 ἐν
641 1651 708 1719 τοῖς
724 1638 929 1724 ιῖτιμοτύτοις
944 1641 1115 1725 τετάχθαι,
1135 1646 1234 1728 πέρας

144 1742 181 1805 δὲ
205 1737 386 1826 Σωτήριχον
399 1740 507 1817 αύτοῖς
523 1742 705 1827 ἐπιστῆναι,
733 1743 812 1833 λύγηο
826 1745 886 1824 μὲν
905 1742 949 1819 ὥς
963 1741 1002 1827 δὴ
1020 1745 1153 1827 χρυσίον
1167 1748 1232 1815 τοῖς

88 1839 322 1921 -ιόξυμμάχοις
340 1841 562 1921 διανεμοῦντα,
584 1838 664 1929 ἕργιρ
687 1840 782 1906 δὲτὰ
805 1842 860 1905 s'rsi
878 1839 963 1929 λύμη
988 1844 1094 1905 τεκαὶ
1116 1845 1260 1907 ασθαι-0

144 1940 231 2021 ρέσει
246 1939 304 2001 τοῦ
322 1934 438 2013 παντὸς
450 1942 558 2021 γένους
574 1942 835 2026 διαπραξάμενον.
864 1938 1003 2026 ,,Παρδν
1019 1940 1124 2006 τοίνυν
1135 1939 1232 2022 ἡμῖν’

145 2034 271 2121 {bunun
285 2032 481 2121 οἷ’πρέσβεις
501 2032 544 2121 ,ἢ
564 2031 665 2125 ἄρδην
685 2034 897 2120 ύπολωλέναι,
916 2035 1160 2125 ἢτεροτερήσασι
1178 2033 1310 2103 ‹lii-w

143 2140 203 2214 ’ξαν
223 2136 283 2217 μέν
304 2160 376 2200 τινα
398 2134 474 2212 ἴσως
497 2141 575 2223 παρ’
591 2137 686 2213 ε’νίοις
703 2138 939 2222 ἀπενέγκασθαι
955 2134 1163 2223 προπετείας,
1182 2132 1238 2198 καί

144 2233 190 2309 ὥς
211 2232 327 2297 τοιοίδε
345 2234 544 2317 νοτίζεσθαι,
574 2235 730 2319 βιοτεύειν
759 2240 797 2302 δὲ
821 2234 905 2319 ὅμως
927 2236 974 2302 ἔτι
990 2241 1057 2301 κατ’
1079 2236 1235 2315 ἐξουσίαν,

104 2331 205 2397 nonai
220 2328 258 2396 τὰ
273 2332 409 2419 ἡμέτερα
427 2329 535 2401 αύτιόν
551 2330 573 2423 ᾗ
591 2330 807 2426 δνσυνοίσειν
827 2336 930 2419 δοκοίη
951 2335 1137 2413 διατιθέναι,
1152 2329 1236 2396 εἰλύ-

214 2436 239 2488 6.
258 2434 449 2507 πολιτεύμενα
467 2452 492 2492 ιι.
514 2456 545 2508 φ.
565 2440 593 2490 R.
667 2455 696 2508 η.
715 2438 748 2492 ἐν
763 2437 863 2508 τούτῳ.
899 2438 973 2492 llaec
991 2453 1078 2508 nsque
1100 2435 1136 2487 ad
1152 2433 1237 2486 verba

149 2538 169 2547 -ν
211 2506 297 2564 ἔθνος
315 2505 439 2561 ἐλπίδων
465 2525 491 2578 p.
520 2513 580 2564 233.
612 2509 653 2562 ed.
672 2511 757 2562 Bonn.
776 2528 800 2562 τ.
828 2529 854 2563 2.
876 2512 962 2562 relata
997 2515 1062 2561 sunt
1084 2507 1157 2568 inter
1178 2507 1234 2558 Ex-

216 2589 308 2644 cerptn
336 2577 580 2648 delegationibus.
617 2583 781 2638 Μυσιανοῖς
800 2582 863 2632 Exc.
885 2589 914 2632 et
931 2583 1015 2647 lntpr.
1085 2595 1111 2646 ρ
1130 2576 1159 2630 ol
1180 2592 1234 2627 om·

215 2649 279 2699 Ere
316 2643 350 2698 τύ
369 2664 421 2699 om.
438 2651 467 2702 R.
563 2667 601 2704 tn.
624 2651 701 2720 σφᾶς
719 2667 769 2703 om.
789 2652 819 2702 R.
893 2651 933 2719 ιλ.
957 2648 1056 2706 αὐτοῖς
1077 2649 1106 2699 R.
1125 2649 1188 2699 Ere.
1207 2652 1235 2698 et

217 2717 302 2786 Intpr.
322 2718 385 2780 nti,
399 2707 488 2770 αδτύν
500 2722 572 2791 vulg.
628 2723 669 2778 16.
681 2719 937 2794 διαπραξύθεονλλ.
994 2723 1034 2776 18.
1052 2721 1100 2784 τῆς
1119 2716 1234 2770 additu.

219 2797 283 2840 ante
304 2792 483 2858 προπετείας.
503 2796 513 2817 ²
1222 2821 1231 2838 .

148 2873 240 2926 nentis
259 2875 331 2944 leges
349 2877 453 2939 vereri,
478 2884 506 2929 et
519 2878 630 2930 nefariis
646 2876 776 2928 caedibus
793 2878 942 2929 abstinere.
964 2877 1108 2946 Postquam
1125 2892 1190 2927 vero
1204 2873 1234 2927 bi

148 2944 285 3013 capitibus
304 2945 415 2996 fuentnt
433 2949 568 3012 truncati,
587 2945 621 2998 nd
637 2947 900 2999 commiserationem
920 2949 990 2998 versi
1006 2963 1113 2997 omnem
1129 2948 1237 2996 animoa

146 3031 208 3066 rum
226 3018 404 3067 offensionem
424 3016 626 3086 deposuerunt:
647 3025 729 3088 atque
754 3015 793 3068 ita
818 3025 965 3069 conventus
982 3016 1145 3067 iudiciarius
1161 3017 1236 3065 solu-

146 3092 211 3149 tus,·
237 3085 333 3137 Colchi
356 3104 418 3138 vero
439 3089 527 3140 insna
543 3105 604 3158 erga
622 3090 756 3141 Romanos
774 3087 828 3141 lide
846 3105 878 3138 ae
894 3086 1089 3140 benevolentia
1106 3086 1235 3138 acerrime

147 3157 335 3222 perstiterunt.

221 3245 258 3278 ιο.
296 3228 346 3278 His
379 3231 418 3281 ita
443 3228 576 3298 peractis,
615 3229 797 3280 Romanorum
833 3227 929 3297 copiae
956 3243 1006 3297 per
1032 3225 1114 3277 urbes
1138 3231 1166 3277 et
1191 3242 1237 3276 ca-

149 3296 225 3346 stella
253 3297 358 3350 divisae
386 3299 590 3362 hibernarunt,
615 3307 698 3369 prout
722 3300 821 3370 cuique
844 3296 1000 3349 mundatum
1028 3304 1093 3348 erat.
1130 3297 1238 3348 Interea

147 3365 198 3417 viri
217 3368 329 3438 quidam
355 3373 519 3440 praecipuae
542 3370 615 3420 inter
638 3369 810 3422 Misimianos
834 3367 975 3438 potentiae
1001 3367 1031 3418 in
1057 3365 1177 3419 iberiam
1203 3366 1239 3416 ad

146 3435 368 3506 Nachoraganem
388 3458 448 3490 cum
466 3440 673 3510 pervenissent,
692 3441 784 3491 omnia
806 3441 832 3490 ei
854 3439 1029 3502 nuntiarunt,
1046 3455 1116 3508 quae
1137 3439 1167 3488 in
1186 3436 1238 3486 So—

91 3549 95 3555 .
145 3507 283 3557 tericburn
308 3518 531 3576 perpetrassent3
557 3511 723 3561 verissimam
747 3508 859 3580 quidem
887 3525 993 3558 causam
1014 3507 1125 3559 silentio
1145 3505 1237 3557 occul·

145 3581 256 3637 tantos,
281 3577 402 3629 dicentes
421 3597 501 3643 vero,
525 3580 610 3649 qnod,
628 3598 689 3631 cum
705 3597 721 3630 a
741 3581 829 3632 multo
849 3588 973 3647 tempore
993 3579 1238 3646 Persarum-partes

148 3649 240 3696 essent
258 3649 368 3707 secuti,
399 3651 549 3718 ignominia
574 3651 747 3703 afficerentur
768 3659 797 3703 et
819 3650 853 3700 ab
877 3651 943 3718 ipsis
965 3648 1073 3699 Colchis
1095 3654 1123 3697 et
1146 3665 1161 3696 a
1184 3646 1239 3695 lio-

147 3716 252 3778 mariis‚
272 3723 354 3784 atquo
379 3719 451 3769 inter
470 3721 614 3772 vilissimos
638 3730 837 3773 censerentur:
857 3720 969 3782 tandem
982 3735 1046 3770 vero
1066 3714 1239 3770 soterichum

128 3801 130 3806 ·
148 3787 238 3854 ipsum
253 3789 449 3851 supervenisse,
474 3792 564 3842 verbis
587 3790 698 3863 quidem
719 3810 784 3860 prae
796 3809 824 3842 se
838 3791 989 3847 screntemr
1000 3785 1075 3856 quod
1096 3787 1241 3854 pecuniam

149 3857 230 3906 sociis
250 3853 416 3906 distribuere
432 3859 524 3924 vellet,
548 3878 576 3913 re
595 3871 685 3912 autern
705 3855 773 3929 ipsa,
805 3859 923 3932 quaesti
949 3858 1098 3925 perniciem
1121 3857 1240 3908 eversio-

149 3941 266 3994 nemque
284 3925 369 3976 totius
388 3928 476 3994 gentis
492 3931 678 3997 pertinebant,
699 3932 865 3983 molientem.
886 3929 971 3988 „Cum
989 3927 1081 3996 itaque
1100 3935 1240 3995 oporteret

150 4012 198 4046 nos
226 3993 373 4064 (dicebant
393 3999 528 4069 oratores)
546 4001 589 4051 vel
612 3999 735 4051 funditus
780 4003 869 4061 crire,
897 3998 939 4048 vel
962 3996 1163 4066 praeveniendo
1186 4000 1240 4048 Ro-

150 4081 241 4116 manos
268 4065 352 4117 calidi
380 4067 504 4118 fortassis
524 4085 555 4117 ac
573 4069 732 4136 praecipitis
753 4018 821 4119 isicii
841 4067 999 4137 opinionem
1022 4068 1094 4136 apud
1120 4067 1242 4120 nonnul·

150 4134 192 4182 los
209 4136 366 4199 incurrere,
393 4153 483 4206 eoque
504 4138 614 4189 nomine
632 4139 703 4189 male
719 4137 833 4200 audire,
856 4146 933 4188 vetus
952 4144 1041 4189 minen
1059 4147 1181 4190 nostrum
1197 4135 1240 4184 vi-

151 4203 241 4256 vendi·
257 4206 299 4259 ius
319 4207 458 4271 retinere,
478 4213 506 4259 et
525 4205 559 4260 ae
582 4207 663 4260 rebus
685 4207 899 4278 resumant
910 4209 1138 4262 consultissimum
1153 4207 1256 4261 visum,
