3109 4950
353 357 437 463 346
673 387 710 452 n.
739 383 933 452 uuonan
960 387 1097 453 noran

429 541 509 622 Peg.
526 539 578 608 68.
598 543 655 609 lin.
670 543 701 606 6.
725 554 812 627 pap,
832 545 877 622 4.]
901 539 1040 620 λκολολα,
1066 538 1121 604 καὶ
1134 543 1343 628 μακρηγορῶν
1364 544 1424 606 orie

346 615 435 686 εἷνιέι.
457 626 585 688 Homer.
603 623 645 687 ἰλ.
667 628 699 704 β.
715 623 877 708 ’Θερσίτης
903 626 934 687 d'
948 620 995 688 ἔτι
1007 626 1123 702 μοῦνος
1143 619 1337 709 ἀμετροεπὴς
1355 625 1423 688 s'uo-

345 700 411 771 loia
422 754 433 783 ,
461 705 523 768 hoc
538 717 606 784 est,
635 703 797 788 ἐθορύβει,
821 709 1096 787 tumultuabatur,
1132 709 1325 790 nullumque
1353 731 1422 772 rer·

345 793 462 854 borum
483 792 579 852 finem
606 791 750 853 faciebat.
807 793 887 853 Nam
922 793 964 852 ita
992 800 1078 852 recte
1104 792 1245 873 explicat
1270 793 1422 874 Agathias

346 871 549 936 Homericum
570 873 654 936 illud
665 873 831 936 Thersitae
847 875 1011 958 epitheton
1030 865 1235 957 ἇμετροεκής.
1295 876 1354 938 lin.
1371 875 1422 940 25.
1509 880 1510 939 l

252 997 255 1004 ,
347 958 381 1032 [Ι.
397 964 456 1037 19.]
471 950 561 1034 θαμοὶ
579 952 694 1033 ὁμιλῶν
706 955 744 1042 τῇ
759 953 938 1058 θηρικλειίρ.
978 957 1083 1034 Haec,
1111 965 1145 1018 et
1160 957 1386 1040 praecedentia
1402 979 1421 1018 a

345 1041 460 1104 tiana
478 1040 585 1118 [l.17.]
602 1040 640 1100 ab
654 1039 703 1101 hia
714 1040 818 1102 verbis
837 1039 871 1112 ἐς
886 1062 946 1120 γορ
957 1032 997 1100 τοὶ
1015 1033 1143 1116 δώματα
1161 1040 1204 1100 ad
1222 1039 1302 1101 haec
1317 1061 1421 1122 usque

346 1121 467 1197 verba,
488 1122 544 1188 lin.
565 1125 614 1185 δι.
630 1131 643 1198 [
649 1125 721 1201 130,
738 1123 781 1196 5.]
802 1117 882 1183 ἀλλὰ
894 1120 955 1205 γάρ
973 1130 1034 1182 etc.
1051 1122 1156 1183 omisit
1168 1125 1321 1198 Persona,
1341 1145 1420 1186 coa.

345 1205 431 1266 salto
451 1204 607 1281 arbitror,
632 1214 667 1266 ut
685 1225 797 1286 parum
813 1227 832 1264 a
847 1227 881 1265 ae
898 1206 1074 1267 intellecta.
1107 1204 1323 1286 Interpolator
1335 1208 1421 1287 Ag·-

344 1288 431 1350 thiae
457 1287 490 1346 in
522 1287 582 1350 hac
605 1288 646 1350 de
675 1289 796 1349 Uranio
820 1290 1001 1350 narratione
1029 1285 1130 1348 multu
1160 1307 1229 1350 ease
1253 1287 1365 1350 vitiata
1390 1294 1422 1349 et

345 1369 459 1433 mutila
473 1379 624 1448 testatur,
653 1391 733 1454 quae
759 1370 856 1432 nimia
881 1371 1042 1456 prolixum
1056 1371 1197 1431 tuarum
1221 1371 1321 1431 fuisse
1345 1370 1422 1432 dicit

345 1453 451 1516 omnia
469 1463 631 1526 retexere;
662 1455 838 1516 adscribam
852 1462 998 1532 tantum,
1024 1452 1151 1534 inquit,
1181 1452 1279 1516 rerba
1293 1453 1422 1536 pluscu-

344 1537 449 1598 lorum
471 1538 585 1610 (credo
603 1536 678 1598 addi
694 1537 811 1599 debere
827 1546 989 1614 versuum)
1010 1555 1094 1617 quae
1113 1556 1180 1597 uno
1198 1536 1273 1597 loco
1287 1537 1422 1598 desunt:

243 1625 430 1704 V.129quae
457 1619 588 1700 quidem
615 1621 692 1680 dum
719 1620 819 1680 latine
837 1621 950 1698 vertit,
982 1618 1175 1702 prudentius
1192 1639 1264 1679 meo
1289 1619 1422 1701 quidem

342 1702 463 1764 indicio
484 1701 621 1776 fecisset,
641 1702 667 1763 si
687 1723 758 1763 cnm
776 1701 848 1762 aliis
859 1703 1018 1764 sexcentis
1039 1701 1118 1762 locis
1133 1701 1346 1784 praeterisset,
1368 1722 1424 1762 ne·

342 1805 406 1868 que
426 1783 588 1866 attigisset.
634 1785 711 1845 Nam
734 1784 823 1866 quod
837 1783 922 1845 illud
945 1781 1039 1862 θαμὰ
1056 1779 1175 1862 ὁμιλῶν
1196 1785 1236 1866 τῇ
1253 1779 1421 1867 θηρικλειλρ

209 1861 214 1876 '
341 1867 590 1950 interpretatur,
605 1867 793 1949 frequenter
813 1887 883 1926 cum
895 1889 1010 1948 proma
1025 1867 1129 1928 conda
1144 1867 1346 1949 colloquens,
1368 1867 1421 1926 ni·

341 1949 402 2012 mis
419 1957 467 2010 est
481 1948 630 2010 frivolum
652 1969 689 2010 ac
708 1949 869 2030 putidum.
918 1950 1051 2011 Fefellit
1069 1950 1162 2010 illum
1177 1949 1330 2010 articulus
1350 1950 1422 2009 foe-

340 2030 481 2092 mininur
502 2031 541 2114 τῇ
566 2031 765 2130 praepositus
782 2032 856 2093 voci
878 2031 1056 2117 θρρικλειζο.
1103 2033 1290 2094 Foeminam
1310 2033 1421 2114 itaque

340 2113 482 2196 aliquam
497 2114 670 2197 significari
688 2123 787 2191 ratus,
808 2114 888 2195 legit
898 2113 1077 2202 θυρεκλειλρ,
1097 2115 1257 2197 vertitque
1273 2135 1420 2196 promam

339 2195 481 2262 condam.
512 2219 594 2278 quae
616 2208 722 2258 tamen
743 2219 824 2274 vox,
852 2197 879 2259 si
905 2199 1003 2282 proba
1024 2207 1128 2270 esset,
1160 2199 1345 2259 ianitricem
1363 2218 1418 2278 po·

240 2289 331 2351 &185
340 2281 403 2342 tius
418 2280 627 2361 significaret,
649 2301 745 2362 quam
767 2301 836 2339 eam
855 2303 936 2362 quae
954 2281 1055 2343 cellae
1069 2281 1211 2341 vinariae
1233 2301 1344 2340 curam
1361 2301 1418 2361 ge-

337 2363 399 2440 rit,
420 2363 508 2444 quod
526 2363 683 2425 muliebre
696 2364 839 2424 officium
854 2365 939 2448 apud
955 2373 1079 2426 veteres
1097 2364 1193 2424 fuisse
1213 2384 1417 2444 nequaquam

336 2445 538 2531 probaveritt
560 2467 619 2529 ego
639 2447 744 2527 itaque
764 2468 829 2507 uon
847 2441 1034 2531 θυρικλειλρ,
1055 2446 1112 2509 aed
1131 2446 1171 2529 τῇ
1183 2445 1351 2529 θηρικλειλρ
1367 2447 1417 2507 le-

337 2526 478 2612 gendum
496 2550 576 2607 esse,
599 2538 634 2589 ut
651 2529 745 2587 habet
763 2550 852 2590 meus
869 2531 980 2590 Codex
998 2529 1068 2607 MS,
1083 2540 1269 2591 constanter
1280 2530 1416 2605 affirmo,

338 2620 372 2672 et
391 2610 641 2672 subaudiendam
661 2632 729 2672 esse
744 2604 865 2672 xvocem
882 2608 994 2670 κύλικι.
1035 2613 1125 2675 Verti
1143 2616 1270 2695 itaque,
1301 2613 1418 2672 Theri-

337 2693 437 2755 cleum
454 2693 603 2776 poculum
614 2692 804 2775 frequenter
823 2695 874 2753 ori
896 2694 1089 2769 admoneus,
1123 2696 1209 2773 sire,
1228 2694 1418 2778 frequenter

335 2787 548 2837 contrectans:
571 2776 709 2855 eleganti
732 2774 828 2855 plane
848 2774 1081 2857 significatione
1097 2780 1187 2841 verbi
1204 2775 1337 2857 ὁμιλεῖν.
1356 2779 1420 2838 Di·

336 2856 468 2951 cebatur
484 2864 590 2916 autem
608 2855 775 2917 ¹veteribus
799 2857 1007 2920 Therieleum
1027 2863 1201 2941 poculum,
1227 2862 1368 2922 auritum
1385 2870 1420 2920 et

334 2939 1420 3109 tttt‘tattlttttlt'tll¹t÷ttsstflt¹tttl⁰tttllttt

336 3095 386 3165 ὅτι
401 3102 436 3165 δὲ
454 3100 543 3177 κύλιξ
558 3103 643 3167 ἐστὶν
657 3102 678 3204 ’l
692 3104 870 3189 θηρίκλειος
889 3107 1002 3207 σαφῶς
1018 3108 1189 3192 naptha-por
1211 3104 1418 3190 &stippentur

334 3186 371 3249 dv
387 3186 426 3265 τῆ
442 3184 517 3269 περὶ
537 3186 644 3269 φυτῶν
664 3185 795 3273 ιστορίρ.
831 3190 1031 3270 διηγοομενος
1056 3187 1115 3272 γὰρ
1140 3189 1214 3274 περὶ
1230 3187 1418 3271 τερμιλθοο,

333 3248 416 3350 φηολ
430 3263 632 3351 τορνεύεσθαι
645 3268 789 3355 ἐξαῦτῆς
801 3270 931 3344 κύλικος
945 3274 1158 3355 θηρικλειοος.
1176 3275 1321 3338 Primum
1335 3296 1417 3335 vero

333 3350 450 3415 borum
464 3353 656 3434 poculorum
670 3354 869 3417 inventorem
881 3356 978 3417 fuisse
993 3358 1105 3420 scribit
1114 3359 1300 3418 Thericlem
1311 3379 1420 3438 quen·

334 3435 407 3497 dam
421 3434 628 3496 Corinthium
647 3436 790 3521 figulum,
812 3460 830 3498 a
849 3458 915 3520 quo
932 3448 965 3500 et
982 3442 1102 3521 poculo
1120 3462 1247 3505 nomen.
1263 3440 1419 3501 Eustnth.

331 3518 369 3578 in
385 3516 424 3577 ἰλ.
438 3536 469 3577 o.
484 3520 637 3600 poculum
653 3520 717 3581 hoc
734 3520 859 3600 διγενιός
876 3525 1022 3605 usurpari
1045 3524 1175 3585 solitum
1198 3521 1328 3600 scribit,
1350 3526 1419 3605 θη-
1509 3589 1510 3596 ¹

331 3598 468 3682 ρι’κλειος
479 3600 602 3663 scilicet
614 3611 646 3661 et
662 3603 846 3685 θηρίκλειον.
869 3614 904 3665 ut
916 3606 1049 3667 omnino
1063 3628 1192 3669 neeesse
1206 3607 1248 3667 sit
1258 3606 1293 3667 in
1308 3608 1418 3689 priori

333 3683 516 3763 subaudiri,
543 3678 646 3757 κύλιξι
676 3686 709 3745 in
728 3686 915 3769 posteriori,
937 3683 1090 3770 corripior.
1139 3691 1220 3749 Vult
1241 3698 1349 3749 autern
1367 3691 1417 3749 itu

333 3765 454 3826 dictum
469 3768 521 3828 rel
545 3765 585 3826 ab
599 3767 732 3830 authore
755 3768 925 3843 Thericle,
952 3773 1004 3831 vel
1027 3772 1116 3855 quod
1144 3770 1266 3853 θηρίων
1286 3772 1420 3854 μορφαὶ

332 3843 417 3931 αὐτῷ
441 3848 653 3910 ἒνετυποῦντο.
682 3853 770 3933 quod
790 3854 929 3912 terarum
959 3854 1079 3936 figurae
1095 3855 1130 3913 in
1160 3856 1201 3915 iis
1227 3854 1417 3915 efformatae

331 3940 457 3991 essents
477 3924 501 4012 ἢ
518 3926 601 3992 διότι
616 3932 720 4016 θῆρας
736 3938 845 3995 κλονεῖ.
872 3935 1041 3998 σπένδουσι
1056 3936 1116 4017 γὰρ
1137 3939 1212 3997 καθ’
1229 3935 1335 3997 αὑτοῖν
1354 3935 1416 3998 κό-

275 4016 277 4022 ’
329 4013 392 4085 λιξι
408 4010 581 4085 τοιαύταις.
618 4015 683 4077 Sed
702 4017 741 4078 de
756 4017 806 4079 his
819 4018 892 4101 plus
909 4020 992 4080 satis.
1034 4020 1119 4080 lllud
1134 4020 1239 4080 obiter
1257 4021 1416 4097 monebo,

328 4094 403 4155 loco
428 4096 585 4157 Athenaei
610 4099 671 4159 iam
695 4101 792 4161 citato
813 4124 884 4183 pag.
899 4101 986 4161 edit.
1006 4105 1101 4164 Basil.
1124 4106 1196 4163 232.
1212 4103 1270 4163 lin.
1287 4106 1338 4184 39.
1360 4104 1416 4163 le-

329 4178 469 4261 gendum
483 4168 512 4239 ai
526 4185 600 4258 γαῖα
624 4180 778 4261 κεραμῖτί,
798 4206 833 4244 σε
856 4184 1006 4265 appula}
1025 4208 1097 4247 nore
1117 4181 1229 4257 ἔτευξε.
1283 4188 1341 4247 lin.
1356 4206 1413 4266 ²9·

328 4263 412 4339 trito,
432 4270 476 4337 ·ι.]
494 4254 697 4344 latomia.
724 4269 822 4329 Potae
838 4268 896 4350 qui
913 4270 1015 4331 multo
1029 4280 1102 4332 aute
1120 4267 1233 4332 mistus
1249 4270 1317 4333 sire
1329 4278 1412 4332 tem·

1508 4393 1511 4570 l
