3109 4950
464 350 745 423 HISTORtARUtt
775 360 828 421 tv·
849 361 879 428 8.
1136 358 1212 415 οτι

28 542 45 613 3„
142 522 212 597 ἀλλ’
228 520 317 593 ἔνθα
330 516 366 587 τὸ
387 524 507 587 δίκαιον
524 518 669 607 ἐνεργόν,
696 523 751 585 καί
764 526 822 586 τοῦ
837 514 1040 607 προσήκοντος
1058 511 1104 596 μὴ
1126 508 1264 597 ῦπαρ-Δ.
1275 520 1305 577 c.
1315 520 1367 578 555

28 665 44 714 a·
143 627 274 713 φρονοίη.
292 618 326 687 τό
346 622 532 706 ἐφιέμενον,
552 619 607 685 καί
619 614 726 699 μόνοις
738 628 803 695 τοῖς
821 619 998 684 καθεστῶσι
1014 613 1051 679 τό
1072 608 1222 699 φρόνημα
1230 594 1255 649 ¹·
1264 594 1284 645 ¹·
1292 612 1327 663 ²9

28 741 44 809 li
134 728 197 807 πῆς
212 724 319 805 ψυχῆς
329 714 545 802 ἆναμετροῖτο.
558 721 588 783 εἰ
595 720 654 799 μὲν
669 711 726 807 οῦν
740 721 882 784 τοωῦτον
893 701 1235 797 όπεκτόναμενῦνδρα,
1321 751 1325 758 ·

30 840 43 895 ,t
99 859 101 861 ·
146 822 316 907 παράνομα
331 817 580 901 τετολμήκαμεν,
603 815 753 901 ένδικοςῆ
773 817 954 901 κατηγοροῦν,
975 809 1100 887 εἰκότως
1119 813 1243 891 βίαωιΒ

28 938 48 994 a}
127 922 200 985 5καί
221 915 368 996 ἀλαζόνες
385 918 440 979 καί
461 912 624 1000 μιαιφόνοι
643 914 729 999 παρὰ
749 917 813 979 ναῦν
838 911 975 996 Κόλχων
994 905 1225 991 ὄνομαζόμεδα.

29 1029 43 1092 ,a
142 1023 173 1083 εἰ
189 1021 224 1083 δὲ
244 1015 362 1081 τοότεον
379 1017 439 1097 μὲν
458 1013 502 1090 οῦς
524 1013 718 1101 πορρωτάτω
740 1023 804 1089 τοῖς
827 1013 952 1099 τρόποις
969 1006 1139 1098 ἇπρῦκιστο,
1166 1009 1224 1088 μέ-ι

28 1156 44 1189 a·
142 1139 230 1201 τριον
247 1118 282 1180 δὲ
301 1112 395 1179 οῦδὲν
413 1106 453 1199 ἦν
472 1105 558 1199 adrui
573 1114 834 1194 βεβουλευμένον,
862 1106 931 1175 ἀλλ’
950 1104 971 1195 ἢ
997 1106 1070 1183 τοῦς
1092 1109 1224 1189 Πέρσας

28 1255 43 1288 u
143 1219 216 1279 καθ’
235 1214 326 1300 ἡμῶν
347 1216 509 1298 λαθραίως
531 1210 671 1294 ἐπάγειν,
700 1211 756 1275 καὶ
778 1211 1015 1296 καταπροέσθαι
1038 1204 1094 1292 τὴν
1113 1202 1223 1289 χώραν

28 1351 42 1389 ῃ.
143 1312 292 1389 ἐκείνοις·
308 1312 388 1389 ποῦς
408 1312 446 1375 οῦ
457 1312 575 1392 μᾶλλον
595 1312 691 1396 ἐχρῆν
710 1308 838 1397 φθάσαι
857 1308 910 1374 τόν
923 1310 980 1373 τοῦ
991 1307 1095 1371 δεινοῦ
1114 1301 1222 1388 καιρόν

28 1452 43 1497 ,3
107 1413 190 1500 torri
207 1408 435 1497 προτερήματι,
462 1402 500 1493 ἢ,
521 1406 579 1493 τὴν
606 1407 764 1491 βασιλειαν
787 1406 901 1492 στολὴν
921 1408 1138 1485 αἰδεσθέντας,
1158 1397 1220 1467 tui

28 1544 41 1584 a
142 1518 207 1586 τοῖς
228 1512 383 1591 πολεμίοις
396 1509 563 1592 μενέσθαις
591 1516 655 1583 τοϊς
673 1505 734 1593 γὰρ
753 1504 895 1572 κίνδυνόν
914 1530 991 1591 ,τινα
1012 1500 1222 1585 μελετώμενον

28 1630 41 1684 f,
142 1606 207 1671 ῦπό
223 1618 278 1672 του
302 1604 543 1693 προεγνωκόσιν,
570 1604 641 1673 ἐνόν
665 1608 725 1688 μὲν
749 1608 888 1672 ἐκκλῖναι
909 1602 946 1671 τό
964 1602 1142 1690 παραυτίκα
1163 1599 1220 1686 τὴν

28 1772 40 1793 ¹,
144 1702 319 1790 ἐπιβουλήν,
339 1704 409 1789 καί,
430 1704 466 1768 τό
484 1701 586 1790 παρόν
600 1698 793 1789 ἆμασμὲπως
806 1706 1124 1790 παρακρουσαμένοις,
1143 1724 1220 1783 σχο-

28 1848 39 1883 ,
143 1802 286 1891 λαίτερον
309 1805 343 1869 έν
367 1799 497 1892 όατέριρῚ
515 1810 581 1877 τοῖς
606 1805 836 1890 προσπεσοῦσιν
863 1801 1086 1888 όρμόσοσθαι,
1118 1795 1246 1882 πολλῆς

28 1926 41 1985 ,Ι
108 1898 266 1987 ιόιῦμότης
285 1906 508 1988 προεπιφέρειν
523 1900 582 1986 τὴν
601 1904 773 1987 τιμωρίαν,
793 1898 907 1985 καίμῆ
922 1904 1039 1982 μᾶλλον
1058 1900 1224 1985 ἀρκεῖσθαι

141 2004 178 2085 τῇ
195 2002 251 2064 τοῦ
273 1993 542 2082 εἶντεπιβουλεόειν
563 1997 660 2083 τυχὸν
684 1998 820 2088 ἐξουσίᾳ.
846 1996 926 2064 ἔνθα
952 2000 1008 2080 δέ,
1028 2000 1092 2063 ruis
1109 2002 1223 2081 βεβου-

141 2102 302 2180 λευμένων
325 2100 371 2174 εἷς
396 2099 483 2183 ἔργον
505 2098 689 2182 ἀχθέντων,
717 2099 810 2165 οῦδὲν
832 2096 882 2164 ἔτι
902 2100 1042 2162 λα’πεται
1063 2093 1139 2182 πρὸς
1152 2098 1223 2161 έπι-

140 2200 290 2281 κουρίαν,
311 2192 379 2261 ἀλλ’
400 2189 500 2283 όρδην
524 2198 624 2274 state
646 2194 771 2263 ἅπαντα
798 2196 936 2281 οἴχεται,
964 2199 1221 2282 σοναφαιροομέ-

29 2368 32 2377 p
141 2316 203 2357 νων
217 2297 357 2383 τῇκοινῇ
381 2292 519 2385 σωτηρία
534 2295 590 2361 καί
613 2297 717 2361 αῦτῦν
739 2294 838 2381 δήπου
859 2296 922 2360 τῶν
937 2292 1016 2379 όπὲρ
1033 2293 1147 2378 ταότης
1168 2294 1220 2355 έλ-

28 2442 37 2478 ,
101 2391 259 2477 κοπίδων,
288 2396 429 2459 ἐνταῦθα
455 2390 490 2459 τό
508 2393 603 2478 τεῦχος
627 2393 764 2482 αἱρετέον
789 2401 854 2469 τοῖς
871 2391 1027 2480 ἔμφρονι,
1058 2391 1113 2458 καί
1134 2388 1219 2474 ὅπως

138 2495 237 2576 μηδὲν
257 2492 359 2560 ὁτιοῦν
378 2495 440 2560 τῦν
462 2489 635 2580 ἀνηκέστων
652 2497 813 2560 netholacus
834 2493 1116 2579 παρασκευαστέον.

219 2612 248 2696 ἡ.
271 2611 335 2692 „Et
346 2608 451 2675 τοίνυν
462 2607 517 2675 καί
529 2609 728 2698 διαρραγεῖεν
741 2611 772 2674 οἱ
787 2609 959 2698 κατήγοροι,
977 2610 1103 2692 μίοισμα
1118 2611 1217 2692 βοῦν-

209 2747 234 2798 3.
253 2744 356 2795 τοῦτον
371 2745 400 2794 R.
464 2746 487 2797 5.
506 2745 583 2798 Anne
601 2743 777 2817 didoropsci
848 2748 889 2800 16.
908 2741 941 2799 τό
961 2745 1217 2815 βεβουλευμένονΒι

209 2831 250 2867 21.
269 2817 424 2868 πείσονται
440 2814 469 2868 ll.
540 2833 581 2868 na.
603 2815 794 2888 διαρραγοῒεν
811 2819 840 2870 λλ
931 2848 933 2851 -

138 2960 368 3030 cogitationesque
394 2977 454 3014 suas
478 2962 536 3014 solo
560 2961 675 3016 honesto
701 2963 821 3016 metitur.
866 2963 949 3084 Olu⁰d
967 2966 990 3017 si
1015 2966 1107 3035 itaque
1133 2962 1218 3016 talem

135 3031 222 3080 virum
240 3031 440 3096 interfecimus,
469 3040 563 3084 contra
579 3033 652 3102 leges
669 3033 799 3096 fecimus,
825 3033 881 3084 iust
923 3041 965 3085 cst
979 3036 1131 3095 accusatio,
1157 3047 1218 3082 me-

135 3100 189 3150 rito
206 3103 333 3163 violenti,
355 3101 464 3170 superbi
481 3111 509 3154 et
525 3105 616 3156 sicarii
636 3122 652 3154 a
669 3102 778 3154 Colchis
798 3103 974 3172 appellamur.
1011 3104 1040 3154 si
1057 3119 1120 3154 vero
1140 3102 1218 3152 illius

137 3182 222 3222 mores
242 3171 277 3224 ab
294 3171 370 3223 bisce
386 3174 533 3224 virtutibus
553 3189 634 3244 quam
650 3173 807 3242 longissime
828 3172 958 3235 aberant,
987 3173 1060 3224 nihil
1077 3187 1141 3222 vero
1157 3187 1217 3221 mo-

135 3235 256 3293 denatum
275 3245 365 3295 animo
383 3243 516 3312 agitabat,
535 3243 635 3295 sedvel
649 3251 681 3294 ut
694 3245 784 3295 Persas
802 3243 833 3292 in
847 3261 896 3294 uos
911 3245 980 3294 clam
994 3242 1142 3294 adduceret
1159 3243 1215 3291 eis·

136 3321 188 3376 que
205 3312 339 3365 ditionem
356 3323 475 3366 nostram
492 3311 634 3382 proderet,
658 3329 705 3364 cur
719 3329 775 3364 nun
795 3313 887 3382 potius
906 3313 1027 3380 oportuit
1048 3311 1216 3362 imminentis

134 3381 198 3431 mati
217 3384 386 3436 occasionem
411 3383 463 3436 hoc
484 3383 621 3452 praeclaro
646 3384 766 3434 facinore
789 3389 972 3446 antevertere,
1006 3397 1087 3452 quam
1112 3381 1215 3448 regium

133 3443 258 3503 habiturn
274 3453 393 3506 verendo
411 3455 442 3505 in
457 3453 575 3506 bostium
591 3461 754 3522 potestatem
773 3451 884 3503 venire?
924 3453 982 3522 Qui
1006 3453 1080 3504 enim
1105 3452 1215 3520 pericu-

133 3515 189 3570 lum
207 3521 322 3592 aliquod
340 3539 355 3572 a
375 3526 503 3593 quopiam
520 3521 744 3592 praemeditatum
767 3523 984 3590 praesciverunt,
1009 3538 1123 3592 cumque
1147 3537 1214 3587 pro-

131 3587 206 3640 tinus
224 3601 337 3658 possent
353 3593 466 3646 iusidias
481 3593 630 3658 declinare,
647 3602 675 3644 ct
688 3607 814 3662 praesens
828 3591 973 3647 discrimen
986 3600 1134 3662 utcumque
1147 3607 1214 3657 pro-

130 3658 267 3720 pulsando
287 3663 455 3715 cunctantius
474 3681 531 3716 sese
558 3663 586 3716 in
610 3673 748 3734 posterum
772 3661 899 3714 adversus
922 3671 1019 3716 eventa
1041 3667 1215 3730 comparare,

131 3733 247 3796 magnae
266 3727 432 3783 crudelitatis
451 3734 534 3786 fuerit
550 3734 636 3786 multo
655 3741 717 3785 ante
734 3733 768 3784 iis
787 3735 953 3802 supplicium
969 3733 1085 3793 inferre,
1112 3736 1140 3780 ct
1156 3747 1215 3784 non

130 3799 224 3860 potius
242 3805 383 3850 contentos
401 3817 457 3854 esse
478 3804 615 3867 facultate,
635 3819 716 3874 quarn
740 3799 852 3865 habent,
871 3802 984 3856 iusidias
1008 3801 1149 3852 contrariis
1168 3804 1215 3852 in·

132 3865 209 3919 sidiis
227 3869 413 3936 propulsandi.
447 3873 501 3924 Ubi
518 3891 581 3926 vero
599 3873 847 3926 machinationibus
864 3877 919 3924 iam
939 3875 969 3925 iu
983 3880 1073 3923 actum
1087 3871 1212 3924 deductis

131 3935 204 3988 nihil
224 3939 259 3990 ad
277 3938 426 3990 remedium
445 3943 476 3994 fit
494 3943 609 4013 reliqui,
628 3943 676 3995 sed
689 3944 798 3994 iamiam
810 3947 902 3994 omnia
917 3957 1025 4010 pessum
1043 3950 1126 4005 eunt,
1144 3942 1212 3993 sub·
1263 3941 1265 3946 ’

131 4001 186 4056 lata
217 4025 273 4059 una
296 4025 357 4060 cum
375 4015 511 4063 communi
533 4014 622 4064 salute
646 4011 720 4063 omni
742 4013 823 4062 ctiam
840 4008 899 4064 eius
917 4029 978 4080 spe,
1003 4011 1044 4061 ibi
1061 4018 1120 4062 tum
1143 4027 1210 4078 pru-

135 4069 265 4129 dentibus
283 4080 348 4130 viris
369 4081 566 4132 acceleratione
582 4089 623 4133 est
645 4080 794 4143 utendum,
822 4090 851 4132 et
874 4097 909 4132 ue
936 4081 1210 4149 irremediabilenli·

132 4145 206 4207 quod
224 4150 324 4200 malum
342 4150 486 4218 accipiant,
504 4150 723 4220 praecavendum.

137 4303 140 4310 ,
200 4253 224 4304 8.
244 4253 372 4312 „Etiamsi
383 4255 478 4326 itaque
496 4251 696 4322 disrumpantur
714 4260 888 4320 accusatores,
905 4255 1041 4324 piaculare
1056 4252 1143 4308 scelus
1160 4266 1209 4324 νοτ
