3109 4950
717 260 724 290 l

306 321 384 403 116
746 340 956 409 icimur

162 507 227 562 tc
240 506 290 575 554
298 501 449 582 σώματα,
482 496 545 564 εἴτε
567 500 652 574 κόνις
666 488 705 583 ἦν
720 496 755 563 τό
773 498 1003 582 κρυπτόμενον,
1030 493 1076 569 cic
1096 491 1136 569 δὴ
1153 490 1280 559 ἐκείνων
1300 494 1381 559 κατά

184 578 247 680 ,Μ’
259 579 350 663 ’θτόν
366 600 442 685 παρ’
465 592 592 681 Ἕλλησι
613 594 708 677 νόμον
730 598 1012 680 πυρποληθὲντων,
1060 592 1207 674 ούδαμιὸς
1231 584 1326 673 ὅμοιά
1345 614 1381 677 γε

293 698 391 763 ταῦτα
407 702 471 773 τοϊς
491 698 547 761 νύν
568 698 757 779 γιγνομένοις
771 694 946 775 ἐτύγχανον
962 684 1047 756 όντα.

286 816 290 823 ·
375 792 433 859 κδ’.
478 784 603 859 Ούκουν
626 791 744 856 ἐκεῖνοί
757 816 792 875 γε
817 782 883 855 ύδε
905 790 1091 874 ἐγίγνωσκον
1098 842 1108 872 ,
1141 781 1215 879 ούτε
1234 787 1379 872 περίτάς

291 893 416 980 ταφάς,
449 892 600 973 ούμενοῦν
629 886 698 955 ἄλλ’
723 890 800 955 ούόὲ
827 893 861 967 ὃς
883 889 941 976 την
972 895 1030 973 τῆς
1055 888 1149 973 εύνῆς
1179 889 1399 974 παρανομιάνό

292 989 385 1057 όποϊα
402 991 431 1055 οἱ
452 994 508 1057 νύν
526 984 821 1071 άκολασταάιουσιν,
843 985 880 1053 ού
889 985 986 1071 μόνον
1002 984 1156 1075 άδελφαῖς
1167 1012 1202 1052 τε
1217 990 1273 1053 καὶ
1286 988 1377 1051 etst-

284 1093 402 1177 ’φιδαῖς
420 1084 534 1173 άνὲδην
552 1089 755 1172 μιγνύμενοι,
786 1086 867 1153 etit
891 1090 1024 1172 πατέρες
1045 1111 1081 1151 τε
1098 1086 1294 1172 θυγατράσι,
1323 1088 1379 1149 καί

289 1186 326 1253 τό
351 1186 389 1272 δη
409 1186 533 1253 πάντων
553 1183 777 1272 ἀνοσιώτερον,
802 1180 936 1268 τόνόμοι
955 1210 990 1269 γε
1010 1189 1066 1249 καί
1081 1183 1196 1271 φύσις]
1221 1184 1288 1249 υἱοὶ
1307 1192 1376 1259 ταῖς

255 1318 259 1333 ·
293 1288 465 1362 τεκούσαις.
497 1281 546 1351 ότι
562 1284 623 1372 γάρ
641 1286 751 1361 αὐτοῖς
774 1282 831 1349 καὶ
851 1288 944 1349 τοῦτο
962 1282 1234 1368 κεκαινοτόμηται,
1255 1285 1376 1347 ἐκεῖθεν

215 1378 332 1464 οωόν
348 1410 397 1461 τις
415 1389 600 1472 σαφέστατα
622 1384 772 1468 διαγνούη.
806 1387 926 1467 λέγεται
942 1385 1004 1469 γάρ
1023 1408 1098 1447 ποτε
1121 1384 1298 1467 Σεμίραμιν
1317 1376 1416 1462 ripato

239 1504 243 1513 ⁴
290 1485 373 1551 πάνυ
388 1482 445 1568 την
468 1480 641 1571 Ἀσσυριαν
653 1486 698 1559 εἰς
714 1484 806 1547 τούτο
819 1476 974 1568 ἀκρασίας
983 1483 1136 1567 ἤγμένην,
1158 1479 1202 1556 σός
1216 1477 1321 1567 Νινύᾳ
1331 1480 1377 1563 aqi

289 1586 383 1648 παιδί
398 1585 547 1667 ἐθελῆσαι
563 1588 721 1661 ξυνελθεῖν
741 1584 773 1658 ἐς
792 1580 907 1663 ταύτό,
941 1583 998 1645 καί
1017 1574 1078 1667 ἤδη
1095 1582 1206 1666 πειρᾷν
1224 1576 1280 1643 τόν
1304 1600 1376 1641 νεα-

279 1680 368 1747 νίαν.
396 1678 453 1745 τόν
475 1682 510 1745 δὲ
530 1676 764 1765 άπανήνασθαι.
786 1678 842 1745 καὶ
864 1683 1059 1763 χαλεπῆναι,
1098 1680 1153 1743 καί
1173 1680 1375 1755 τελευτῶντα,

289 1777 396 1862 ἐπειδὴ
424 1774 522 1863 αύτην
545 1774 629 1865 ἓάρα
649 1777 878 1866 σφαδάζουσαν
900 1778 957 1843 καί
973 1781 1167 1863 ἕγκειμένην,
1197 1771 1380 1842 ἀποκτεῖναί

277 1889 322 1941 ‘re
341 1874 398 1961 τὴν
417 1880 558 1965 μητέρα,
588 1876 643 1942 καί
660 1878 729 1941 τόδε
750 1874 787 1941 τό
811 1870 885 1960 όγος
911 1878 980 1942 ἄντ’
997 1879 1116 1941 ἐκείνου
1141 1873 1281 1941 ἑλέσθαι.
1300 1872 1412 1962 καί-15

278 1984 333 2039 ’τοι
347 1976 377 2039 εἰ
392 1972 477 2067 νόμῳ
490 1980 591 2041 ταῦτα
605 1978 721 2063 ἐφεῖτο,
743 1971 803 2040 ούκ
814 1971 863 2057 άν,
873 1971 972 2057 οἶμαι,
987 1971 1141 2050 όΝινύας
1155 1977 1189 2049 ἒς
1200 1971 1274 2037 τόδε
1287 1970 1373 2053 ύμό-

278 2093 378 2157 ’τητος
393 2066 452 2162 ᾔει.
472 2074 528 2139 καί
538 2076 576 2140 τι’
585 2077 638 2138 δεῖ
648 2072 688 2139 τά
705 2073 777 2157 λίαν
792 2076 971 2139 παλαίτατα
989 2075 1106 2156 λέγειν,
1127 2067 1217 2161 όλύγιρ
1234 2069 1295 2155 γάρ
1316 2068 1373 2152 ἔμ-

182 2228 190 2239 .
289 2176 429 2257 προσθεν
443 2176 505 2238 τόν
521 2175 747 2238 Μακεδονικῶν
774 2172 831 2237 κατ’
846 2173 903 2256 τῆς
922 2174 985 2236 τῶν
1002 2172 1142 2255 Περσῶν
1162 2168 1371 2249 καταλύσεως,

275 2263 499 2355 Ἀρταξέρξην
517 2269 598 2357 φασδ
612 2268 667 2336 τόν
676 2273 837 2357 Δαρείου,
859 2268 1087 2356 Παρυσάτιδος
1103 2272 1158 2352 τῆς
1172 2263 1291 2353 μητρός
1308 2291 1371 2329 πα-

243 2366 447 2454 ιΒραπλὴσια
464 2374 504 2457 τῇ
523 2369 715 2454 Σεμιράμιδι
737 2368 918 2453 παθούσης,
947 2367 1004 2433 κατ’
1021 2371 1225 2451 ξυγγενέσθαι
1239 2363 1268 2429 οἱ
1283 2362 1412 2447 ispi-ao

284 2493 339 2555 νης
346 2520 357 2553 ,
379 2464 561 2535 ἀποκτεῖναι
572 2470 631 2552 μὲν
647 2466 747 2553 αύτῆν
763 2465 894 2554 ἥκιστα,
916 2471 1054 2535 ἐκκλῖναι
1071 2470 1107 2532 δὲ
1120 2462 1206 2550 όμως
1219 2462 1277 2544 ξύν
1292 2462 1371 2552 όργῇ

353 2633 376 2698 4.
398 2627 476 2697 Vulg.
495 2627 609 2680 οὐκοῦν.
623 2655 659 2665 ·—
676 2627 827 2689 Utrumque
841 2643 1002 2696 emagorum
1017 2626 1138 2679 moribus
1155 2624 1287 2708 invaluit,
1304 2624 1369 2675 Par-

352 2698 425 2768 this,
442 2707 528 2765 put0,
545 2697 764 2750 dominantibus:
784 2697 884 2749 Herod.
902 2700 923 2750 1.
945 2698 1001 2764 ¹4⁰·
1020 2697 1119 2752 Catull.
1155 2698 1180 2750 5.
1198 2695 1230 2747 δν
1246 2693 1369 2765 την(οἰο)

351 2771 382 2819 ll.
492 2770 532 2825 15.
551 2768 662 2819 ἐκείνου
687 2768 734 2828 tt,
757 2766 842 2836 idque
860 2769 930 2820 coni.
949 2769 977 2818 Β.
998 2767 1154 2829 Vulcanius,
1172 2765 1280 2830 ἐκείνης
1294 2765 1365 2833 vulg.

285 2859 288 2866 Δ
351 2839 436 2905 lntpr.
459 2850 575 2906 patrare
601 2835 634 2888 id
652 2837 802 2898 maluisse,
821 2855 905 2910 quam
922 2838 1013 2890 scelus
1029 2839 1204 2890 committere.
1317 2852 1357 2904 ¹9·

350 2908 471 2979 μητέρος
490 2906 551 2962 edd.
607 2924 648 2961 uo.
664 2906 800 2972 παθούση
819 2907 849 2959 ll.
917 2909 1086 2977 Δἰεσομένης
1103 2909 1132 2958 lt.

285 3055 380 3120 utpote
404 3049 460 3102 illis
481 3050 646 3102 Graecanico
662 3049 716 3100 ritu
738 3049 877 3114 crematis,
902 3050 1065 3122 neutiquam
1086 3057 1161 3104 certe
1176 3049 1280 3104 similia
1300 3049 1367 3104 baec

283 3123 337 3185 eis,
354 3137 425 3192 quae
443 3122 612 3182 nunctiant,
632 3121 750 3172 fuerunt

353 3190 395 3257 ού.
432 3190 613 3262 Nequaquam
636 3191 729 3260 itaque
745 3189 788 3241 illi
805 3187 857 3240 boc
874 3197 955 3258 pacto
972 3199 1129 3255 senserunt,
1155 3208 1191 3243 ne
1231 3191 1318 3254 eita,
1335 3197 1368 3242 nt

284 3261 332 3330 qui
350 3277 426 3313 nune
444 3263 557 3323 vivunt,
575 3269 603 3312 et
621 3261 776 3330 sepulturae
797 3268 825 3312 et
841 3258 914 3311 thori
933 3266 992 3312 iura
1009 3279 1058 3329 pro
1078 3279 1126 3314 sua
1143 3209 1261 3314 titilius
1276 3261 1367 3312 viola-

283 3337 363 3393 runt,
382 3348 438 3382 non
458 3331 545 3382 solum
563 3347 624 3382 cum
642 3330 781 3382 sororibus
801 3337 829 3380 et
852 3330 982 3399 neptibus
999 3347 1056 3383 rem
1073 3329 1207 3384 babentes
1217 3370 1225 3395 ‚
1250 3331 1298 3383 sed
1315 3347 1366 3400 pa-

283 3407 337 3452 tres
356 3417 416 3451 cum
437 3401 559 3463 filiabus,
587 3408 616 3451 et
632 3400 706 3471 quod
726 3401 847 3452 omnium
866 3408 907 3451 est
934 3399 1185 3466 sceleratissimum,
1204 3420 1220 3454 o
1239 3402 1330 3470 leges,
1349 3417 1367 3451 ο

282 3471 393 3523 natural
421 3471 472 3521 filii
498 3487 558 3521 cum
579 3471 634 3520 suis
654 3470 797 3523 matribus.
842 3469 928 3520 Huius
948 3473 1020 3520 enim
1041 3472 1139 3541 flagitii
1155 3487 1255 3524 novum
1272 3469 1367 3522 abeis

282 3543 437 3612 exemplum
457 3547 590 3592 statutum
608 3540 701 3604 fuisse,
721 3539 943 3590 manifestissime
961 3539 1027 3591 hinc
1043 3541 1127 3594 cuivis
1145 3543 1252 3613 liquere
1264 3547 1366 3610 potest.

282 3609 380 3663 Fertur
400 3627 517 3680 namque
536 3626 657 3679 magnam
683 3604 760 3662 illam
785 3609 954 3660 Semiramim
974 3608 1110 3678 Assyriam
1136 3627 1169 3664 eo
1187 3613 1365 3664 incontinen-

284 3681 338 3732 tiae
357 3684 481 3744 venisse‚
507 3687 538 3730 ut
556 3696 616 3730 cum
642 3681 699 3732 filio
719 3695 767 3732 suo
786 3677 876 3744 Ninya
893 3680 1021 3749 congredi
1038 3681 1170 3745 voluerit,
1195 3691 1277 3751 atquc
1294 3679 1365 3733 adeo

285 3747 409 3802 iuvenem
427 3751 605 3814 sollicitasse3
632 3750 710 3801 illum
730 3765 795 3800 vero
815 3764 950 3800 recusasse
967 3749 1136 3821 molesteque
1161 3753 1275 3817 tulisse;
1301 3759 1366 3802 tan·

285 3817 346 3869 dem
366 3838 430 3874 vero
450 3839 510 3872 cum
536 3827 650 3871 matrem
684 3818 810 3871 libidinis
840 3818 1028 3888 impatientem
1051 3829 1248 3893 urgentemque
1268 3825 1366 3872 terue-

284 3895 336 3950 ret,
355 3906 415 3941 eam
432 3891 608 3952 interfecisse,
629 3897 657 3941 et
684 3887 737 3940 boe
753 3887 845 3958 potius
864 3905 945 3958 quam
963 3890 1078 3942 alterurn
1098 3891 1169 3942 illud
1193 3892 1280 3944 scelus
1301 3906 1366 3960 per-

283 3964 392 4027 petrare
411 3962 545 4012 maluisse.
582 3959 666 4030 Atqui
684 3959 708 4010 si
724 3959 785 4028 lege
802 3956 870 4010 baec
891 3961 1021 4028 permissa
1039 3961 1165 4024 fuissent,
1182 3977 1366 4032 nequaquam,

283 4027 326 4078 uti
342 4028 471 4094 arbitror,
499 4031 600 4098 Niuyas
619 4046 651 4081 eo
670 4027 840 4082 crudelitatis
858 4029 985 4083 venisset.
1022 4029 1077 4083 Sed
1134 4029 1164 4082 id
1181 4033 1281 4084 attinet
1297 4031 1367 4083 baec

283 4113 414 4168 perquam
432 4108 538 4150 vetusta
557 4095 783 4152 commemorare?
808 4099 891 4150 Paulo
914 4100 988 4152 euim
1006 4108 1070 4170 post
1118 4099 1268 4154 acedonica
1294 4111 1366 4154 tem-

283 4183 351 4236 pora
375 4175 403 4221 et
420 4169 555 4222 Persarum
576 4171 744 4223 eversionem
780 4169 859 4220 aiunt
876 4167 1062 4234 Artaxerxem,
1080 4171 1158 4222 Darii
1176 4171 1280 4234 filium,
1307 4187 1367 4222 ma-

283 4246 354 4292 trem
377 4253 454 4294 suam
471 4239 663 4308 Parpsatidern,
688 4257 749 4293 cum
766 4237 866 4303 eidem,
889 4256 944 4309 quo
963 4239 1130 4307 Semiramis,
1146 4241 1219 4298 malo
1237 4240 1368 4304 obnoxia,
