3109 4950
568 333 778 403 scamus
1104 422 1107 429 ¹
1137 341 1219 407 xvu

138 485 229 552 sitin
246 487 346 551 hnlns
358 489 540 574 scrlptoris,
555 480 625 573 'quo
645 491 732 555 edito
746 487 956 576 permagnum
970 502 1057 560 certe
1071 497 1158 581 cepit
1173 498 1220 560 lsi·

139 588 234 651 storia
250 587 500 667 incrementum,
521 609 667 652 sermone
681 588 882 672 exquirendo
897 594 1103 675 splendidum
1115 595 1221 679 philo·

137 687 243 770 logice
261 687 492 750 documentum
500 687 608 768 edere,
624 689 657 750 id
669 689 912 754 fecundissimos
926 713 1071 776 quosque
1085 695 1219 774 Atticos,

136 786 246 868 siquis
261 787 301 849 sd
320 806 430 848 manes
445 785 485 848 dc
501 789 592 850 tactis
604 789 729 850 'nostris
742 809 854 850 rumor
866 799 985 866 manat,
995 809 1061 853 non
1077 791 1148 854 sins
1167 795 1216 854 in·

136 883 221 945 vidia
245 889 333 946 ferre
360 884 520 947 existimo.
570 885 849 970 Hodiellgatlsiss
872 888 928 950 six
960 891 1109 971 cuiquem
1134 893 1221 954 ultre

137 983 393 1045 mediocritatem
408 999 573 1067 assurgere
585 983 763 1047 videbitur:
796 985 875 1048 licet
885 988 924 1052 G.
938 984 965 1052 Ι.
977 987 1121 1066 Vossius,
1130 987 1219 1051 lanud

137 1081 219 1144 levis
238 1081 436 1144 auctoritatis
465 1081 531 1159 sir,
559 1092 679 1146 tarsum
701 1084 769 1146 eins
795 1093 892 1166 atque
915 1083 1066 1148 floridum
1087 1086 1219 1150 dicendi

112 1172 240 1264 “genus
258 1181 432 1263 praedicet
478 1181 572 1242 Certe
589 1181 657 1264 ipse
671 1202 773 1244 sermo
785 1203 918 1266 graecus
935 1205 952 1242 s
968 1183 1118 1265 puritsto,
1133 1204 1219 1266 quus

138 1293 243 1340 tamen
255 1279 388 1339 minima
404 1279 473 1340 laos
487 1289 580 1356 esset,
595 1279 691 1362 longe
705 1280 811 1353 abest;
833 1301 881 1360 sc,
900 1301 943 1343 ne
954 1303 973 1342 s
987 1281 1073 1346 vitiis
1086 1282 1219 1366 quidem

138 1376 352 1460 grammaticis
375 1377 541 1455 immunis,
570 1377 656 1438 haud
676 1399 748 1440 raro
774 1379 1115 1462 degenerisloquelse
1142 1389 1219 1444 nots

137 1477 398 1539 foedeturstum
416 1491 493 1540 sero
514 1475 653 1538 admixta
672 1475 902 1557 dislectornm‚
924 1477 1051 1540 ionicae
1072 1498 1219 1560 praeser-

138 1574 218 1652 tim,
240 1575 468 1658 epicorumque
490 1574 661 1637 verborum
687 1575 862 1654 varietate,
893 1575 959 1639 sire
984 1576 1129 1659 quaesita
1148 1576 1218 1640 sive

138 1672 359 1756 imprudenter
379 1680 554 1756 assumpta,
574 1671 756 1757 saepissime
777 1672 921 1740 offendit.
970 1676 1061 1754 Quse
1084 1682 1121 1735 ut
1139 1694 1219 1738 con·

136 1771 305 1832 donaveris
334 1770 404 1832 aevi
427 1763 628 1848 infelicitati,
652 1771 909 1856 praecipuaeque
928 1771 1112 1835 difficultati
1137 1770 1220 1834 scri·

135 1869 234 1932 bendi
256 1869 364 1952 lingua
381 1869 570 1941 emoriente,
594 1879 766 1952 antequam
778 1870 888 1931 adulta
905 1871 948 1933 sis
961 1881 1058 1954 atque
1075 1892 1093 1934 e
1109 1867 1219 1932 metris

136 1959 303 2028 consortio
321 1967 431 2028 exierit
441 1959 591 2050 bulgaris,
609 1987 672 2052 que
688 1967 750 2028 iam
762 1967 908 2050 quotidie
924 1978 1076 2042 utuntur-3
1098 1975 1218 2044 umen,

134 2071 174 2124 ut
195 2063 326 2125 leudem
346 2063 463 2128 tribues
484 2064 657 2144 historico,
685 2066 873 2150 sapientiem
893 2067 1145 2149 gravitatemque
1163 2085 1218 2128 re·

134 2161 267 2244 quiress·
293 2170 326 2222 at
344 2162 380 2226 id
399 2182 462 2224 non
487 2165 597 2226 uinus.
618 2164 736 2226 frustra
758 2163 793 2225 in
823 2164 957 2246 Agathiu
985 2174 1106 2230 nostro.
1149 2165 1218 2224 lmo
1343 2193 1349 2207 ·

134 2263 240 2344 potius
262 2260 594 2343 ieiunum'ingessium
610 2261 643 2321 in
659 2261 828 2324 sententiis
850 2261 962 2344 prodit
974 2282 1054 2344 qous
1069 2261 1219 2344 saepissi-

132 2380 184 2422 me
195 2351 336 2444 prolert‘,
345 2361 433 2424 tritss
442 2360 719 2441 admodumstque
731 2380 750 2420 e
761 2358 843 2422 locis
853 2359 1217 2442 petitnscommunilsuss

102 2467 104 2470 '
132 2459 189 2521 nbi
199 2467 397 2544 seroargnte
413 2460 503 2543 loqui
514 2458 626 2544 satagit
638 2456 870 2543 frigidissimas.
901 2456 972 2521 Viri
985 2455 1063 2519 honi
1072 2455 1217 2519 animum

132 2576 207 2622 cum
228 2558 445 2621 ostentatione
460 2578 536 2641 prae
558 2578 592 2621 se
613 2558 693 2621 fert:
726 2576 835 2639 neque
855 2565 974 2634 tamen,
995 2562 1150 2638 quantum
1163 2554 1216 2617 di·

98 2653 103 2661 ’
133 2678 288 2741 gnoscere
307 2656 396 2735 licet,
418 2657 516 2719 falsos
538 2656 689 2719 immunis
702 2655 744 2717 sb
757 2654 967 2718 insectatione
982 2654 1104 2738 puriter
1118 2661 1215 2736 atque

134 2755 173 2817 sb
193 2756 377 2818 adulatione
400 2775 459 2839 per
476 2754 663 2818 universum
679 2775 779 2838 opus:
803 2753 915 2825 cuius,
936 2772 1160 2835 qusecumqae
1180 2753 1215 2812 in

25 2866 26 2873 ’
134 2874 175 2917 eo
192 2854 449 2939 reprehenderis,
470 2854 511 2917 ad
531 2853 767 2937 cognoscendus
783 2873 835 2915 res
851 2860 953 2934 gestus
969 2871 1130 2913 summum
1143 2871 1216 2933 pre·

25 3002 26 3029 p
132 2952 214 3015 tium
232 2962 328 3036 atque
348 2952 443 3015 unies
460 2952 581 3015 utilitas
603 2962 659 3014 est
702 2951 814 3015 ltalica
832 2958 940 3012 tamen
959 2950 1214 3033 negotiupsrum

133 3052 262 3135 cognita
289 3050 437 3115 habuisse
457 3051 601 3129 ridetur,
631 3050 665 3111 irs
693 3048 905 3113 orientalibus
928 3045 1024 3129 louge
1051 3045 1213 3109 versutior.

97 3146 100 3152 ’
133 3152 239 3229 Quem
254 3150 281 3211 si
297 3150 455 3231 Procopio
473 3168 573 3232 quum
590 3148 720 3233 ingenio
739 3157 808 3208 tum
821 3144 908 3210 civili
924 3143 1121 3227 militarique
1134 3164 1213 3225 pru·

25 3282 26 3291 κ
95 3248 99 3257 ’
132 3240 240 3309 dentis
255 3242 352 3332 longe
361 3248 547 3310 interiorem
557 3267 624 3309 esse
639 3246 789 3308 Gibhono
801 3246 896 3307 facile
908 3242 1118 3313 concesserim
1132 3242 1214 3303 tuted

25 3362 26 3435 t
132 3346 206 3409 bere
214 3355 322 3409 tamen
331 3346 446 3410 ‘eudem
457 3346 582 3409 ratione
595 3364 693 3428 super
705 3354 829 3407 ceteros
837 3340 959 3419 omnes,
975 3340 1034 3423 qui
1047 3340 1215 3404 consecuti

25 3438 26 3445 ἵ
132 3454 224 3537 sunt,
246 3445 409 3509 eminere:
428 3445 531 3507 sirum
544 3454 652 3507 antem
659 3443 761 3505 multo
780 3441 948 3504 meliorem
960 3459 1028 3503 esse
1039 3439 1210 3522 Procopio.

212 3544 414 3605 Christianus
425 3542 607 3619 'an-luerit,
629 3542 663 3601 in
687 3551 852 3623 utramque
878 3546 1001 3622 perteus
1018 3539 1212 3621 disputatum

25 3640 26 3659 l
130 3650 192 3703 est:
215 3662 330 3705 serum
349 3640 435 3703 edito
449 3640 676 3724 epigrammate
694 3662 759 3723 quo
775 3637 917 3699 ubulum
929 3634 1139 3717 Archangelsr
1152 3634 1213 3696 de-

129 3736 216 3802 dicat
232 3742 296 3817 27),
319 3740 409 3799 illam
421 3739 611 3821 religionem
621 3738 797 3822 professum
813 3756 880 3799 esse
900 3741 991 3796 extra
1010 3731 1211 3794 dubiumest.

25 3850 26 3860 ¹
128 3840 236 3921 Aque
260 3839 286 3900 si
309 3834 512 3913 discesseris,
542 3838 628 3898 inter
640 3844 749 3899 'cetere
762 3854 845 3919 quse
853 3831 991 3916 proferri
1006 3838 1138 3911 possent
1157 3829 1211 3891 fir·

127 3937 304 4000 missimum
328 3936 473 3999 eiusdem
492 3933 654 4017 opinionis
672 3942 898 4016 argumentum
916 3936 1008 4004 esset,
1029 3928 1122 4009 qnod·
1136 3945 1218 4012 apo-e

126 4034 301 4119 phthegma
315 4034 359 4097 ex'
376 4054 462 4097 noso
476 4031 676 4097 loederesibi
688 4043 800 4095 notum
813 4049 881 4095 esse
890 4025 999 4112 prodit
1008 4026 1065 4106 ²⁸).
1096 4027 1210 4109 nequo

105 4244 109 4247 .
163 4200 209 4268 η)
226 4199 348 4270 spigas.
399 4198 444 4271 ss)
461 4198 585 4255 nessus
605 4214 643 4254 ιι
662 4153 1025 4269 p.1oa.cf.‘1nnaeemgnsc.
1042 4196 1069 4244 s·
1081 4153 1208 4255 statue

161 4318 304 4389 Agutbias.
367 4366 372 4381 ,
420 4290 423 4297 ¹
897 4310 913 4361 b
