3109 4950
500 249 784 357 ιιιειοιιιιιιιιιι
811 290 866 355 ιιι.
884 232 922 363 ι,
1165 261 1243 371 ιλό

157 432 198 506 od
214 432 368 523 τοσοῦτον
374 491 386 523 ,
406 432 511 525 οἶμαι,
532 444 571 532 τῇ
591 438 910 529 αληγῇτῆς’χειρος,
937 445 1067 535 ’σοντηλ
1086 433 1280 530 ‹inpacto-l.
1296 459 1391 530 0.,554

159 542 254 631 stirp}
265 545 546 623 καταβεβλημένος.
566 540 782 623 ἰλυσπώμενον
798 542 836 606 tt
855 539 956 605 αάτόν
968 539 1019 607 ἔτι
1036 540 1092 607 καί
1104 529 1303 627 ἀνιιοτη-’Μ
1316 531 1356 584 '⁸'

158 640 279 733 σείοντα
295 637 459 725 παρασιάς
480 635 573 709 irat
589 638 777 707 Ῥουστίκοιι
797 639 993 725 δορυφόρος,
1014 644 1244 727 προστεταχμέ·

158 734 210 805 νον
241 728 347 826 ariulfi,
368 742 422 803 καί
438 740 524 825 ξίφει
540 740 679 817 πατάξας
701 734 759 823 τὴν
778 735 928 823 κεφαλὴν,
948 738 1122 805 τελεώτατα
1145 764 1264 819 κατοι-Ι

140 839 282 923 ὄκιείνει,
307 832 395 902 ntes
421 840 486 920 μὲν
515 828 572 903 οάν
606 835 661 905 τόν
696 833 862 920 Γοοβάζην
904 835 959 903 καί
990 838 1045 903 έκί
1071 840 1177 903 τοῖσδε
1206 837 1246 903 α’-
1302 832 1311 862 “

160 936 323 1026 νηρῆσθοί
339 958 437 1023 φασιν
457 934 488 1001 οῖ
522 932 561 1003 τό
590 931 802 1022 ἀκριβέστατα
825 936 1005 1017 γιγνώσκειν
1035 938 1274 1017 πενιιστενμέ-(ἶ

160 1036 433 1123 νοιὲἹοοστϊνος
457 1036 494 1099 δέ
515 1033 571 1099 καὶ
590 1026 717 1119 Βοόζης
744 1028 903 1119 ἤσχαλλον
930 1037 991 1115 μὲν
1021 1037 1077 1097 καέ
1102 1032 1244 1118 ἐδυσφό-

161 1157 246 1223 ρσσν,
267 1139 324 1199 καί
341 1132 511 1220 ξυμφορὰν
537 1136 572 1199 τό
593 1136 739 1221 πραχθὲν
754 1136 932 1215 ἐποιοῦντο,
953 1131 1090 1221 ἦσύχίαν
1105 1134 1141 1197 δέ
1156 1129 1242 1212 όμάς

159 1228 253 1321 εἶχεν,
276 1230 411 1315 οἰόμενοι
426 1237 559 1316 βασιλέα
584 1232 806 1299 Ἰονστινιανόν
819 1235 921 1297 ταῦτα
934 1235 1046 1320 σαφῶς
1061 1233 1243 1300 ἐπιστεῖλαι,

123 1334 179 1403 soci
198 1336 233 1399 st
252 1324 316 1398 coir
339 1334 460 1410 Λαζῶν
482 1328 588 1413 όμιλος
608 1330 802 1419 διεταράχθη
825 1356 860 1396 τε
880 1328 978 1415 ἀιιας,
1007 1335 1063 1397 κατ’
1077 1335 1243 1421 ότισθομιρι

158 1432 359 1514 κατείχοντο,
380 1427 422 1506 ὡς
445 1433 526 1515 μηδὲ
539 1425 779 1514 ἀναμίγνυσθαι
803 1428 948 1497 τολοιιιόν
972 1439 1038 1505 τοῖς
1055 1429 1240 1510 Ῥωμαίοις,

156 1532 236 1616 μήτε
252 1527 540 1616 ξονιιιιστρατεόειν
563 1526 738 1615 αόρεῖσθαι,
759 1525 843 1593 ἀλλά
866 1526 921 1594 τόν
941 1526 1049 1615 νεκρόν
1074 1522 1094 1616 ᾖ
1118 1533 1241 1608 νενόμι·

112 1692 115 1697 .
156 1651 231 1695 ctat
250 1625 513 1710 καταχώσαντες,
544 1624 653 1709 ἔμενον
668 1622 750 1693 οότιο
771 1626 951 1710 ἀπόμαχοι,
972 1626 1018 1703 σός
1034 1623 1072 1713 ὃν)
1095 1619 1182 1691 όεινά
1201 1624 1240 1691 ό-

155 1730 321 1814 βρισμένοι
336 1724 393 1791 καί
410 1724 467 1811 την
482 1726 616 1811 ιιότριον
630 1723 724 1805 δόξαν
739 1724 994 1811 ἀποβεβληκότες.
1234 1726 1236 1730 ’

118 1822 156 1899 ἰ5
195 1846 197 1853 “
239 1825 270 1890 τ’.
313 1828 474 1909 Μέγιστον
490 1823 551 1911 χάρ
570 1824 663 1901 ἔθνος
684 1823 739 1889 καί
750 1818 912 1911 ἀγέρωχον
933 1823 964 1889 oi
983 1826 1093 1904 Λαζοί
1110 1826 1167 1891 κατ’
1178 1826 1237 1907 μεζ.

155 1922 272 2009 ρίστων
289 1916 394 1991 ἀλλων
410 1926 587 2011 κρατοῦσι,Ι
607 1926 650 2013 τῷ
673 1948 708 1989 τε
724 1928 848 2013 παλαιῷ
862 1927 927 1989 τῶν
950 1922 1089 2008 Κόλχων
1104 1922 1240 2007 όνόματι

157 2021 382 2109 βρενθυόμενοι
405 2024 486 2109 κέρα
505 2027 563 2087 τοῦ
582 2021 713 2108 μετρίου
728 2024 987 2105 μεχαλασχοόσι,
1016 2028 1071 2087 καί
1093 2023 1179 2108 τάχα
1198 2018 1268 2091 oio

155 2120 228 2186 λίαν
242 2118 370 2205 ἀλόγως.
403 2124 438 2187 έν
457 2118 518 2207 γὰρ
542 2130 607 2199 τοϊς
632 2118 740 2187 ἔθνεσι
758 2128 825 2195 τοῖς
849 2114 909 2185 tina
932 2116 991 2207 ἀφ’
1009 2116 1121 2206 ἑτέραν
1141 2126 1239 2203 βασι-

154 2218 244 2285 λείαν
258 2220 446 2303 τετάχαται,
476 2220 532 2285 ccix
551 2215 625 2285 οἶδα
639 2218 735 2304 ἔγωγε
755 2213 832 2283 ἀλλο
849 2215 934 2283 οότω
956 2217 1076 2283 κλεινόν
1090 2244 1150 2283 τιον
1173 2224 1239 2305 φῦ-

115 2323 210 2390 ιιόλον
224 2321 281 2383 καὶ
295 2319 466 2402 εάόαϊμον,
486 2317 623 2384 σλοότοιι
633 2343 675 2383 ,τι
693 2318 851 2405 όιιερβολῇ
873 2320 928 2382 κατ’
942 2316 1056 2403 πλήθει
1069 2317 1238 2403 κατηκόων,

188 2444 194 2455 ’
224 2455 392 2519 adstruas.
403 2462 431 2513 ll.
449 2481 469 2515 ι.
480 2479 513 2515 ιιι.
522 2460 606 2532 Lugd.
625 2470 653 2516 et
669 2460 717 2514 Ed.
740 2477 790 2530 pn,
809 2458 939 2512 ἔσαναστ.
956 2458 1022 2524 Par,
1039 2460 1069 2518 ἐς
1085 2460 1137 2514 del.
1155 2465 1185 2514 in
1204 2464 1236 2521 ll.

225 2548 243 2588 a
266 2539 304 2586 m.
341 2533 366 2589 5.
383 2533 433 2586 ent
449 2530 546 2584 τοῖσδε
563 2535 607 2598 lt,
624 2535 673 2591 ἐπὶ
689 2530 833 2588 τοιούτοις
849 2531 917 2600 vulg
959 2548 998 2586 ra.
1015 2521 1068 2585 τόν
1082 2523 1187 2604 νεκρόν
1204 2537 1235 2586 ll.

216 2602 321 2674 bugd,
338 2599 370 2656 τό
393 2599 496 2676 νεκρόν
513 2604 576 2656 edd.
630 2605 724 2661 rtem
741 2605 884 2676 μέγιστον
901 2611 930 2655 et
945 2606 1008 2654 moin
1026 2620 1076 2673 pro
1092 2606 1165 2727 πέρα
1183 2606 1236 2658 τοῦ

224 2673 337 2733 lacunae
355 2677 384 2726 in
403 2678 431 2728 li.
480 2693 517 2744 ¹7·
535 2674 688 2746 μεγαλαυχ.
709 2688 738 2728 τε
759 2691 783 2726 ιι.
804 2676 831 2727 tt
880 2673 918 2729 18·
938 2673 989 2744 ὑφ’
1005 2672 1108 2745 ἑτέρων
1150 2713 1156 2726 .
1194 2672 1236 2746 ιμ’

183 2747 186 2764 ²
225 2741 398 2814 φόλονιιιιε
417 2743 531 2798 κλεινόν
548 2747 630 2816 ponit
645 2747 674 2798 R.

152 2877 288 2952 (babebat
307 2881 379 2946 enim
404 2886 550 2952 utrumque
576 2880 674 2950 pedem
693 2882 883 2951 complicatum
906 2897 989 2952 super
1008 2883 1072 2952 equi
1090 2880 1233 2954 cervicem)

154 2949 300 3001 confestim
316 2951 434 3020 procidit
450 2951 479 3002 in
498 2959 607 3014 terram,
625 2969 681 3002 non
693 2959 757 3016 lam,
777 2961 810 3004 ut
829 2951 954 3016 arbitror,
971 2969 1065 3004 manus
1081 2953 1136 3003 ictu
1151 2969 1232 3022 quam

153 3021 297 3090 inopinato
321 3021 448 3073 deiectus.
483 3021 659 3074 volutantem
676 3037 739 3073 vero
757 3023 846 3090 ipsum
869 3021 966 3085 humi,
992 3030 1021 3073 et
1038 3019 1126 3073 adbuc
1142 3039 1238 3072 assur·-

153 3107 214 3160 gere
228 3093 372 3155 nitentem,
385 3101 472 3145 astans
485 3093 589 3144 Rustici
606 3091 723 3157 satelles,
735 3101 817 3161 prout
833 3093 859 3144 ei
870 3090 1027 3144 mandatnm
1041 3099 1108 3151 erat,
1123 3107 1231 3142 ensem-

153 3159 207 3230 qu'c
217 3162 449 3232 capiti'iullig'ens,
468 3163 550 3234 plane
564 3163 701 3216 interficit.
738 3162 797 3214 Hoc
810 3164 903 3232 itaque
918 3162 999 3214 modo
1009 3162 1149 3214 Gubnzem
1163 3161 1229 3212 tali·

152 3229 257 3300 busque
267 3233 311 3284 'de
331 3236 419 3287 causis
443 3235 618 3286 interfectum
631 3233 796 3303 dicunt,qui
811 3233 840 3284 id
859 3233 963 3302 optime
980 3247 1059 3282 nosse
1073 3231 1228 3282 creduntur.

152 3299 270 3352 Iustinus
286 3319 349 3356 vero
366 3311 394 3355 et
404 3303 488 3355 Bozes
503 3304 633 3356 dolebant
647 3303 758 3373 quldem
775 3303 946 3372 molesteque
958 3302 1093 3363 ferebant,
1112 3308 1141 3351 et
1152 3308 1228 3352 atrox

154 3369 328 3424 lacinusesse
339 3365 499 3441 cebsebant3
518 3377 605 3446 quieti
622 3381 711 3424 huten
724 3371 878 3436 manebant,
900 3373 1082 3425 existimantes
1098 3372 1228 3423 Iustinia-

153 3457 220 3492 num
236 3441 302 3494 haec
319 3453 410 3514 aperte
428 3463 478 3514 per
492 3445 597 3496 litteras
606 3443 758 3496 mandasse.
772 3445 906 3494 Lazomm
917 3459 981 3494 vero
998 3443 1147 3494 exercitum
1162 3442 1227 3492 uni-

152 3527 260 3562 versum
276 3514 367 3582 iugens
384 3515 554 3586 perturbatio
575 3524 603 3567 et
618 3531 724 3568 moeror
738 3512 852 3576 invasit,
871 3515 939 3566 adeo
958 3521 990 3564 ut
1004 3529 1056 3565 uec
1070 3512 1226 3580 permisceri

152 3579 282 3652 deinceps
297 3602 355 3635 cum
368 3587 509 3649 Romanis,
527 3603 617 3658 neque
633 3601 693 3636 cum
711 3585 776 3654 ipsis
790 3585 909 3638 militare
921 3584 1040 3637 vellent:
1055 3583 1105 3635 sed
1120 3591 1228 3652 postea·

151 3663 235 3721 quam
245 3655 386 3706 ‘mortuum
402 3674 435 3707 ex
453 3658 573 3724 ipsorum
586 3673 663 3708 more
683 3664 764 3727 atque
779 3656 906 3708 instituto
922 3657 1117 3716 tumulassent,
1137 3667 1226 3703 seces-

151 3723 230 3774 sione
243 3723 314 3774 facta
328 3742 342 3774 a
354 3725 425 3778 bello
439 3727 566 3795 deinceps
584 3726 788 3790 abstinuerunt,
807 3733 903 3796 utpote
916 3728 1001 3778 atroci
1015 3725 1116 3777 iniuria
1127 3723 1226 3786 allecti,

151 3800 179 3844 et
196 3795 386 3864 patrin'gloria
407 3799 510 3848 amissa.

190 3867 193 3874 ’
221 3865 244 3916 5.
283 3860 399 3917 Maxima
413 3870 485 3918 enim
501 3873 542 3918 est
557 3872 585 3918 et
597 3867 673 3919 ferox
685 3868 759 3919 natio
773 3865 952 3929 Colchorum,
969 3863 1146 3933 maximisque
1163 3863 1225 3915 aliis

150 3933 301 4000 imperant:
319 3943 346 3986 et
360 3940 446 3990 veteri
463 3937 624 3989 Colchorum
639 3939 824 4007 appellatione
841 3939 1002 4006 gloriantes,
1021 3951 1101 4003 supra
1114 3933 1225 3985 modum

150 4007 208 4054 ιειε
232 4005 307 4073 ipsos
328 4009 463 4059 extollunt
487 4016 515 4060 et
532 4009 647 4070 iactant,
675 4015 703 4056 et
729 4008 842 4058 fortusse
866 4025 922 4058 non
946 4006 1090 4073 admodum
1113 4012 1224 4056 temere.

149 4072 369 4139 Internationes
396 4081 484 4141 enim,
500 4093 570 4148 quae
585 4076 634 4126 sub
652 4076 743 4127 alieno
759 4076 878 4143 imperio
897 4083 959 4127 sunt
973 4066 1144 4139 constitutae,
1159 4074 1224 4127 nnl-

148 4139 202 4192 lam
225 4144 353 4214 equidem
370 4149 449 4216 aliam
467 4147 523 4199 ridi
541 4148 579 4198 ita
594 4145 728 4206 celebrem
746 4150 829 4218 atque
840 4147 947 4198 felicem
961 4153 1015 4198 tam
1037 4164 1118 4218 opum
1133 4146 1224 4198 excel·

148 4211 235 4268 letitia
256 4227 339 4284 quiam
366 4217 543 4274 multitudine
562 4214 750 4279 subditorum,
762 4215 888 4270 locorum
909 4219 991 4270 etiam
1009 4217 1221 4290 opportunitate,

200 4307 344 4380 Agatlu'cs.
543 4343 544 4351 ι
948 4329 979 4370 ιο
