<?xml version="1.0" encoding="UTF-8"?>
<!DOCTYPE html PUBLIC "-//W3C//DTD XHTML 1.0 Transitional//EN"
    "http://www.w3.org/TR/xhtml1/DTD/xhtml1-transitional.dtd">
<html xmlns="http://www.w3.org/1999/xhtml" xml:lang="en" lang="en">
 <head>
  <title>
</title>
<meta http-equiv="Content-Type" content="text/html;charset=utf-8" />
  <meta name='ocr-system' content='tesseract 3.04.00' />
  <meta name='ocr-capabilities' content='ocr_page ocr_carea ocr_par ocr_line ocrx_word'/>
</head>
<body>
  <div class='ocr_page' id='page_1' title='image "./corpusscriptoru31theogoog/corpusscriptoru31theogoog_0237.png"; bbox 0 0 3109 4950; ppageno 0'>
   <div class='ocr_carea' id='block_1_1' title="bbox 457 277 1245 393">
    <p class='ocr_par' dir='ltr' id='par_1_1' title="bbox 457 277 1245 393">
     <span class='ocr_line' id='line_1_1' title="bbox 457 277 1245 393; baseline -0.009 -24"><span class='ocrx_word' id='word_1_1' title='bbox 457 298 738 372; x_wconf 81' lang='grc' dir='ltr'><strong><em>ιιιοιοιιιιιιιιιι</em></strong></span> <span class='ocrx_word' id='word_1_2' title='bbox 770 306 824 368; x_wconf 92' lang='grc' dir='ltr'><strong><em>ιιι.</em></strong></span> <span class='ocrx_word' id='word_1_3' title='bbox 847 304 898 375; x_wconf 78' lang='grc' dir='ltr'><strong>ιο</strong></span> <span class='ocrx_word' id='word_1_4' title='bbox 1167 277 1245 393; x_wconf 74' lang='grc' dir='ltr'><strong><em>ιχ3</em></strong></span> 
     </span>
    </p>
   </div>
   <div class='ocr_carea' id='block_1_2' title="bbox 107 446 1472 2618">
    <p class='ocr_par' dir='ltr' id='par_1_2' title="bbox 107 446 1472 2618">
     <span class='ocr_line' id='line_1_2' title="bbox 157 446 1472 548; baseline 0.003 -25"><span class='ocrx_word' id='word_1_5' title='bbox 157 462 216 548; x_wconf 76' lang='grc' dir='ltr'><strong>τῆς</strong></span> <span class='ocrx_word' id='word_1_6' title='bbox 229 454 372 546; x_wconf 82' lang='grc' dir='ltr'><strong><em>πορεόας,</em></strong></span> <span class='ocrx_word' id='word_1_7' title='bbox 394 454 448 541; x_wconf 76' lang='grc' dir='ltr'><strong>ἐφ’</strong></span> <span class='ocrx_word' id='word_1_8' title='bbox 464 446 542 542; x_wconf 78' lang='grc' dir='ltr'><strong><em>ᾗπερ</em></strong></span> <span class='ocrx_word' id='word_1_9' title='bbox 565 458 620 520; x_wconf 79' lang='grc' dir='ltr'><strong><em>καί</em></strong></span> <span class='ocrx_word' id='word_1_10' title='bbox 637 453 778 521; x_wconf 72' lang='grc' dir='ltr'><strong><em>ἔσταλτο.</em></strong></span> <span class='ocrx_word' id='word_1_11' title='bbox 806 452 940 541; x_wconf 73' lang='grc' dir='ltr'><strong><em>χρυσίον</em></strong></span> <span class='ocrx_word' id='word_1_12' title='bbox 957 455 1020 542; x_wconf 87' lang='grc' dir='ltr'><strong><em>γάρ</em></strong></span> <span class='ocrx_word' id='word_1_13' title='bbox 1035 457 1070 523; x_wconf 73' lang='grc' dir='ltr'><strong><em>έν</em></strong></span> <span class='ocrx_word' id='word_1_14' title='bbox 1090 458 1245 540; x_wconf 79' lang='grc' dir='ltr'><strong><em>βασιλέως</em></strong></span> <span class='ocrx_word' id='word_1_15' title='bbox 1257 457 1384 540; x_wconf 54' lang='lat' dir='ltr'><strong>Ass-555</strong></span> <span class='ocrx_word' id='word_1_16' title='bbox 1467 516 1472 527; x_wconf 88' lang='lat'>.</span> 
     </span>
     <span class='ocr_line' id='line_1_3' title="bbox 157 531 1352 643; baseline -0.003 -18"><span class='ocrx_word' id='word_1_17' title='bbox 157 556 309 641; x_wconf 72' lang='grc' dir='ltr'><strong><em>ἐκόμιζεν,</em></strong></span> <span class='ocrx_word' id='word_1_18' title='bbox 327 546 492 643; x_wconf 79' lang='grc' dir='ltr'><strong><em>ἐφ’ᾦτοῖς</em></strong></span> <span class='ocrx_word' id='word_1_19' title='bbox 513 556 690 642; x_wconf 79' lang='grc' dir='ltr'><strong><em>προσοίκοις</em></strong></span> <span class='ocrx_word' id='word_1_20' title='bbox 698 555 875 641; x_wconf 77' lang='grc' dir='ltr'><strong><em>βαρβάροις</em></strong></span> <span class='ocrx_word' id='word_1_21' title='bbox 893 552 974 621; x_wconf 88' lang='grc' dir='ltr'><strong><em>κατά</em></strong></span> <span class='ocrx_word' id='word_1_22' title='bbox 985 555 1019 620; x_wconf 89' lang='grc' dir='ltr'><strong>τό</strong></span> <span class='ocrx_word' id='word_1_23' title='bbox 1043 557 1244 639; x_wconf 78' lang='grc' dir='ltr'><strong>ξυμμαχικὸν</strong></span> <span class='ocrx_word' id='word_1_24' title='bbox 1256 532 1278 585; x_wconf 69' lang='lat'><strong>¹⁰</strong></span> <span class='ocrx_word' id='word_1_25' title='bbox 1289 531 1352 601; x_wconf 57' lang='lat'><strong>¹⁴⁹</strong></span> 
     </span>
     <span class='ocr_line' id='line_1_4' title="bbox 159 649 1248 738; baseline -0.004 -15"><span class='ocrx_word' id='word_1_26' title='bbox 159 659 322 738; x_wconf 75' lang='grc' dir='ltr'><strong><em>διανέμει,</em></strong></span> <span class='ocrx_word' id='word_1_27' title='bbox 344 657 522 735; x_wconf 82' lang='grc' dir='ltr'><strong><em>εἰθισμένον</em></strong></span> <span class='ocrx_word' id='word_1_28' title='bbox 541 678 577 737; x_wconf 83' lang='grc' dir='ltr'><strong><em>γε</em></strong></span> <span class='ocrx_word' id='word_1_29' title='bbox 592 656 686 719; x_wconf 77' lang='grc' dir='ltr'><strong><em>τοῦτο</em></strong></span> <span class='ocrx_word' id='word_1_30' title='bbox 704 656 740 719; x_wconf 80' lang='grc' dir='ltr'><strong>ἐκ</strong></span> <span class='ocrx_word' id='word_1_31' title='bbox 755 650 901 719; x_wconf 83' lang='grc' dir='ltr'><strong><em>πλείστου</em></strong></span> <span class='ocrx_word' id='word_1_32' title='bbox 917 654 974 719; x_wconf 82' lang='grc' dir='ltr'><strong><em>καί</em></strong></span> <span class='ocrx_word' id='word_1_33' title='bbox 990 649 1041 719; x_wconf 75' lang='grc' dir='ltr'><strong><em>ἄν’</em></strong></span> <span class='ocrx_word' id='word_1_34' title='bbox 1058 654 1128 731; x_wconf 76' lang='grc' dir='ltr'><strong><em>ἔτος</em></strong></span> <span class='ocrx_word' id='word_1_35' title='bbox 1143 652 1248 738; x_wconf 90' lang='grc' dir='ltr'><strong><em>γιγνό-</em></strong></span> 
     </span>
     <span class='ocr_line' id='line_1_5' title="bbox 158 747 1248 841; baseline -0.003 -22"><span class='ocrx_word' id='word_1_36' title='bbox 158 780 261 839; x_wconf 89' lang='grc' dir='ltr'><strong><em>μενον.</em></strong></span> <span class='ocrx_word' id='word_1_37' title='bbox 290 758 414 820; x_wconf 71' lang='grc' dir='ltr'><strong><em>εἵποντο</em></strong></span> <span class='ocrx_word' id='word_1_38' title='bbox 434 755 470 817; x_wconf 79' lang='grc' dir='ltr'><strong>δὲ</strong></span> <span class='ocrx_word' id='word_1_39' title='bbox 489 747 577 841; x_wconf 79' lang='grc' dir='ltr'><strong><em>αότῷ</em></strong></span> <span class='ocrx_word' id='word_1_40' title='bbox 592 755 726 817; x_wconf 75' lang='grc' dir='ltr'><strong><em>καὶτῶν</em></strong></span> <span class='ocrx_word' id='word_1_41' title='bbox 749 751 874 817; x_wconf 79' lang='grc' dir='ltr'><strong><em>παέόαν</em></strong></span> <span class='ocrx_word' id='word_1_42' title='bbox 889 752 921 817; x_wconf 83' lang='grc' dir='ltr'><strong>οἱ</strong></span> <span class='ocrx_word' id='word_1_43' title='bbox 936 754 1162 839; x_wconf 78' lang='grc' dir='ltr'><strong><em>πρεσβύτεραι,</em></strong></span> <span class='ocrx_word' id='word_1_44' title='bbox 1185 757 1248 819; x_wconf 80' lang='grc' dir='ltr'><strong>Φι-</strong></span> 
     </span>
     <span class='ocr_line' id='line_1_6' title="bbox 107 845 1248 941; baseline 0.001 -24"><span class='ocrx_word' id='word_1_45' title='bbox 107 923 111 927; x_wconf 51' lang='lat'><strong>,</strong></span> <span class='ocrx_word' id='word_1_46' title='bbox 138 852 287 941; x_wconf 76' lang='grc' dir='ltr'><strong><em>ὅλάγριός</em></strong></span> <span class='ocrx_word' id='word_1_47' title='bbox 305 876 340 919; x_wconf 81' lang='grc' dir='ltr'><strong><em>τε</em></strong></span> <span class='ocrx_word' id='word_1_48' title='bbox 362 851 417 916; x_wconf 78' lang='grc' dir='ltr'><strong><em>καί</em></strong></span> <span class='ocrx_word' id='word_1_49' title='bbox 438 850 623 934; x_wconf 80' lang='grc' dir='ltr'><strong><em>Ῥωμύλος,</em></strong></span> <span class='ocrx_word' id='word_1_50' title='bbox 653 851 697 927; x_wconf 75' lang='grc' dir='ltr'><strong>ὥς</strong></span> <span class='ocrx_word' id='word_1_51' title='bbox 725 845 766 917; x_wconf 86' lang='grc' dir='ltr'><strong><em>άν</em></strong></span> <span class='ocrx_word' id='word_1_52' title='bbox 787 849 888 927; x_wconf 64' lang='lat' dir='ltr'><strong>adisis</strong></span> <span class='ocrx_word' id='word_1_53' title='bbox 906 845 965 939; x_wconf 74' lang='grc' dir='ltr'><strong>ἄρ’</strong></span> <span class='ocrx_word' id='word_1_54' title='bbox 987 849 1095 929; x_wconf 74' lang='grc' dir='ltr'><strong><em>ἑστίας</em></strong></span> <span class='ocrx_word' id='word_1_55' title='bbox 1112 859 1248 936; x_wconf 77' lang='grc' dir='ltr'><strong><em>μοχθεῖν</em></strong></span> 
     </span>
     <span class='ocr_line' id='line_1_7' title="bbox 157 944 1244 1040; baseline -0.002 -20"><span class='ocrx_word' id='word_1_56' title='bbox 157 957 192 1021; x_wconf 81' lang='grc' dir='ltr'><strong><em>έν</em></strong></span> <span class='ocrx_word' id='word_1_57' title='bbox 215 956 319 1019; x_wconf 77' lang='grc' dir='ltr'><strong><em>δέοντι</em></strong></span> <span class='ocrx_word' id='word_1_58' title='bbox 346 954 566 1032; x_wconf 62' lang='lat' dir='ltr'><strong>necassetue,</strong></span> <span class='ocrx_word' id='word_1_59' title='bbox 595 952 666 1017; x_wconf 77' lang='grc' dir='ltr'><strong><em>ἐπεὶ</em></strong></span> <span class='ocrx_word' id='word_1_60' title='bbox 691 954 746 1015; x_wconf 83' lang='grc' dir='ltr'><em>καί</em></span> <span class='ocrx_word' id='word_1_61' title='bbox 769 952 802 1026; x_wconf 78' lang='grc' dir='ltr'><strong>ἐς</strong></span> <span class='ocrx_word' id='word_1_62' title='bbox 824 946 903 1036; x_wconf 78' lang='grc' dir='ltr'><strong><em>ἥβης</em></strong></span> <span class='ocrx_word' id='word_1_63' title='bbox 921 953 1035 1039; x_wconf 86' lang='grc' dir='ltr'><strong><em>μέτρον</em></strong></span> <span class='ocrx_word' id='word_1_64' title='bbox 1059 944 1120 1037; x_wconf 77' lang='grc' dir='ltr'><strong>ἤδη</strong></span> <span class='ocrx_word' id='word_1_65' title='bbox 1146 945 1244 1040; x_wconf 82' lang='grc' dir='ltr'><strong><em>άμφω</em></strong></span> 
     </span>
     <span class='ocr_line' id='line_1_8' title="bbox 157 1041 1254 1137; baseline -0.002 -20"><span class='ocrx_word' id='word_1_66' title='bbox 157 1053 365 1136; x_wconf 77' lang='grc' dir='ltr'><strong><em>έληλυθέτην,</em></strong></span> <span class='ocrx_word' id='word_1_67' title='bbox 401 1047 458 1113; x_wconf 74' lang='grc' dir='ltr'><strong><em>κατ’</em></strong></span> <span class='ocrx_word' id='word_1_68' title='bbox 477 1041 576 1134; x_wconf 72' lang='grc' dir='ltr'><strong><em>ἤστην</em></strong></span> <span class='ocrx_word' id='word_1_69' title='bbox 604 1052 660 1115; x_wconf 80' lang='grc' dir='ltr'><strong>οἴω</strong></span> <span class='ocrx_word' id='word_1_70' title='bbox 691 1052 922 1115; x_wconf 78' lang='grc' dir='ltr'><strong><em>διαπονεῖσθαι.</em></strong></span> <span class='ocrx_word' id='word_1_71' title='bbox 950 1047 1048 1135; x_wconf 84' lang='grc' dir='ltr'><strong><em>όγάρ</em></strong></span> <span class='ocrx_word' id='word_1_72' title='bbox 1077 1046 1116 1136; x_wconf 75' lang='grc' dir='ltr'><strong>δὴ</strong></span> <span class='ocrx_word' id='word_1_73' title='bbox 1141 1050 1254 1137; x_wconf 85' lang='grc' dir='ltr'><strong><em>τρι’τος’</em></strong></span> 
     </span>
     <span class='ocr_line' id='line_1_9' title="bbox 158 1144 1248 1237; baseline -0.001 -21"><span class='ocrx_word' id='word_1_74' title='bbox 158 1152 278 1234; x_wconf 71' lang='grc' dir='ltr'><strong><em>αὐτῶν,</em></strong></span> <span class='ocrx_word' id='word_1_75' title='bbox 301 1148 511 1234; x_wconf 76' lang='grc' dir='ltr'><strong><em>Εὖστράτιος,</em></strong></span> <span class='ocrx_word' id='word_1_76' title='bbox 533 1150 568 1211; x_wconf 78' lang='grc' dir='ltr'><strong><em>έν</em></strong></span> <span class='ocrx_word' id='word_1_77' title='bbox 590 1147 757 1237; x_wconf 81' lang='grc' dir='ltr'><strong><em>Βυζαντάρ</em></strong></span> <span class='ocrx_word' id='word_1_78' title='bbox 781 1148 959 1229; x_wconf 75' lang='grc' dir='ltr'><strong>ἐλέλειπτο,</strong></span> <span class='ocrx_word' id='word_1_79' title='bbox 988 1150 1057 1225; x_wconf 82' lang='grc' dir='ltr'><strong><em>νέος</em></strong></span> <span class='ocrx_word' id='word_1_80' title='bbox 1073 1173 1109 1233; x_wconf 89' lang='grc' dir='ltr'><strong><em>γε</em></strong></span> <span class='ocrx_word' id='word_1_81' title='bbox 1131 1144 1177 1215; x_wconf 73' lang='grc' dir='ltr'><strong><em>όν</em></strong></span> <span class='ocrx_word' id='word_1_82' title='bbox 1199 1147 1248 1215; x_wconf 78' lang='grc' dir='ltr'><strong>ἔτι</strong></span> 
     </span>
     <span class='ocr_line' id='line_1_10' title="bbox 158 1240 1331 1339; baseline 0 -23"><span class='ocrx_word' id='word_1_83' title='bbox 158 1253 288 1339; x_wconf 76' lang='grc' dir='ltr'><strong><em>κομιδῇ,</em></strong></span> <span class='ocrx_word' id='word_1_84' title='bbox 310 1248 365 1315; x_wconf 81' lang='grc' dir='ltr'><strong><em>καί</em></strong></span> <span class='ocrx_word' id='word_1_85' title='bbox 385 1240 487 1324; x_wconf 82' lang='grc' dir='ltr'><strong><em>άλλως</em></strong></span> <span class='ocrx_word' id='word_1_86' title='bbox 506 1244 542 1312; x_wconf 90' lang='grc' dir='ltr'><strong>τό</strong></span> <span class='ocrx_word' id='word_1_87' title='bbox 565 1250 659 1329; x_wconf 75' lang='grc' dir='ltr'><strong><em>σῶμα</em></strong></span> <span class='ocrx_word' id='word_1_88' title='bbox 676 1247 714 1313; x_wconf 82' lang='lat' dir='ltr'><strong>od</strong></span> <span class='ocrx_word' id='word_1_89' title='bbox 739 1247 914 1334; x_wconf 73' lang='grc' dir='ltr'><strong><em>ῥωμαλέος.</em></strong></span> <span class='ocrx_word' id='word_1_90' title='bbox 942 1247 987 1324; x_wconf 72' lang='grc' dir='ltr'><strong>ὥς</strong></span> <span class='ocrx_word' id='word_1_91' title='bbox 1004 1249 1040 1313; x_wconf 80' lang='grc' dir='ltr'><strong>δὲ</strong></span> <span class='ocrx_word' id='word_1_92' title='bbox 1054 1250 1089 1324; x_wconf 75' lang='grc' dir='ltr'><strong>ἐς</strong></span> <span class='ocrx_word' id='word_1_93' title='bbox 1104 1245 1164 1335; x_wconf 70' lang='grc' dir='ltr'><strong><em>τὴν</em></strong></span> <span class='ocrx_word' id='word_1_94' title='bbox 1185 1250 1331 1329; x_wconf 63' lang='lat' dir='ltr'><strong>seium</strong></span> 
     </span>
     <span class='ocr_line' id='line_1_11' title="bbox 120 1346 1245 1435; baseline 0.001 -20"><span class='ocrx_word' id='word_1_95' title='bbox 120 1353 363 1431; x_wconf 78' lang='grc' dir='ltr'><strong><em>ιοκαλοομένων</em></strong></span> <span class='ocrx_word' id='word_1_96' title='bbox 381 1349 587 1428; x_wconf 77' lang='grc' dir='ltr'><strong><em>Μισιμιανῶν</em></strong></span> <span class='ocrx_word' id='word_1_97' title='bbox 611 1346 723 1433; x_wconf 80' lang='grc' dir='ltr'><strong><em>χάραν</em></strong></span> <span class='ocrx_word' id='word_1_98' title='bbox 738 1346 755 1411; x_wconf 87' lang='grc' dir='ltr'><strong><em>ό</em></strong></span> <span class='ocrx_word' id='word_1_99' title='bbox 771 1346 955 1432; x_wconf 75' lang='grc' dir='ltr'><strong><em>Σωτήριχος</em></strong></span> <span class='ocrx_word' id='word_1_100' title='bbox 979 1348 1129 1435; x_wconf 63' lang='lat' dir='ltr'><strong>desiero,</strong></span> <span class='ocrx_word' id='word_1_101' title='bbox 1158 1351 1192 1415; x_wconf 77' lang='grc' dir='ltr'><strong>οἳ</strong></span> <span class='ocrx_word' id='word_1_102' title='bbox 1205 1347 1245 1435; x_wconf 69' lang='grc' dir='ltr'><strong>δὴ</strong></span> 
     </span>
     <span class='ocr_line' id='line_1_12' title="bbox 165 1439 1248 1531; baseline -0.002 -16"><span class='ocrx_word' id='word_1_103' title='bbox 165 1446 313 1531; x_wconf 81' lang='grc' dir='ltr'><strong><em>κατήκοοι</em></strong></span> <span class='ocrx_word' id='word_1_104' title='bbox 337 1442 396 1526; x_wconf 84' lang='grc' dir='ltr'><strong><em>μὲν</em></strong></span> <span class='ocrx_word' id='word_1_105' title='bbox 421 1448 481 1509; x_wconf 75' lang='grc' dir='ltr'><strong>τοῦ</strong></span> <span class='ocrx_word' id='word_1_106' title='bbox 493 1448 647 1529; x_wconf 80' lang='grc' dir='ltr'><strong><em>βασιλέως</em></strong></span> <span class='ocrx_word' id='word_1_107' title='bbox 672 1448 735 1511; x_wconf 76' lang='grc' dir='ltr'><strong><em>τῶν</em></strong></span> <span class='ocrx_word' id='word_1_108' title='bbox 754 1442 892 1529; x_wconf 82' lang='grc' dir='ltr'><strong><em>Κόλχων</em></strong></span> <span class='ocrx_word' id='word_1_109' title='bbox 919 1444 1127 1530; x_wconf 74' lang='grc' dir='ltr'><strong><em>τυγχάνωσιν</em></strong></span> <span class='ocrx_word' id='word_1_110' title='bbox 1161 1439 1248 1525; x_wconf 83' lang='grc' dir='ltr'><strong><em>όντες</em></strong></span> 
     </span>
     <span class='ocr_line' id='line_1_13' title="bbox 162 1539 1243 1633; baseline 0 -22"><span class='ocrx_word' id='word_1_111' title='bbox 162 1545 309 1612; x_wconf 84' lang='grc' dir='ltr'><strong><em>καθάπου</em></strong></span> <span class='ocrx_word' id='word_1_112' title='bbox 328 1543 384 1609; x_wconf 74' lang='grc' dir='ltr'><strong>καὶ</strong></span> <span class='ocrx_word' id='word_1_113' title='bbox 402 1542 433 1608; x_wconf 84' lang='grc' dir='ltr'><strong>οἱ</strong></span> <span class='ocrx_word' id='word_1_114' title='bbox 465 1544 625 1627; x_wconf 79' lang='grc' dir='ltr'><strong><em>Ἀψιλισι,</em></strong></span> <span class='ocrx_word' id='word_1_115' title='bbox 655 1542 774 1633; x_wconf 79' lang='grc' dir='ltr'><strong><em>γλιάττῃ</em></strong></span> <span class='ocrx_word' id='word_1_116' title='bbox 798 1547 835 1609; x_wconf 75' lang='grc' dir='ltr'><strong>δὲ</strong></span> <span class='ocrx_word' id='word_1_117' title='bbox 855 1539 941 1627; x_wconf 86' lang='grc' dir='ltr'><strong><em>όμως</em></strong></span> <span class='ocrx_word' id='word_1_118' title='bbox 959 1548 1102 1632; x_wconf 79' lang='grc' dir='ltr'><strong><em>χρῶνται</em></strong></span> <span class='ocrx_word' id='word_1_119' title='bbox 1127 1546 1243 1612; x_wconf 88' lang='grc' dir='ltr'><strong><em>α’ποκε-</em></strong></span> 
     </span>
     <span class='ocr_line' id='line_1_14' title="bbox 158 1638 1242 1733; baseline 0.004 -25"><span class='ocrx_word' id='word_1_120' title='bbox 158 1646 288 1733; x_wconf 79' lang='grc' dir='ltr'><strong><em>κριμένῃ</em></strong></span> <span class='ocrx_word' id='word_1_121' title='bbox 317 1639 372 1709; x_wconf 76' lang='grc' dir='ltr'><strong>καὶ</strong></span> <span class='ocrx_word' id='word_1_122' title='bbox 395 1639 503 1724; x_wconf 85' lang='grc' dir='ltr'><strong><em>νόμοις</em></strong></span> <span class='ocrx_word' id='word_1_123' title='bbox 518 1638 644 1729; x_wconf 66' lang='grc' dir='ltr'><strong><em>ἑτέροις</em></strong></span> <span class='ocrx_word' id='word_1_124' title='bbox 664 1642 728 1709; x_wconf 73' lang='grc' dir='ltr'><strong><em>εἰσί</em></strong></span> <span class='ocrx_word' id='word_1_125' title='bbox 752 1646 789 1709; x_wconf 79' lang='grc' dir='ltr'><strong>δὲ</strong></span> <span class='ocrx_word' id='word_1_126' title='bbox 814 1643 927 1710; x_wconf 80' lang='grc' dir='ltr'><strong><em>τούτου</em></strong></span> <span class='ocrx_word' id='word_1_127' title='bbox 950 1641 989 1729; x_wconf 73' lang='lat' dir='ltr'><strong>ds)</strong></span> <span class='ocrx_word' id='word_1_128' title='bbox 1008 1647 1064 1709; x_wconf 81' lang='grc' dir='ltr'><strong>τοό</strong></span> <span class='ocrx_word' id='word_1_129' title='bbox 1082 1644 1242 1728; x_wconf 71' lang='lat' dir='ltr'><strong>&#39;Austros</strong></span> 
     </span>
     <span class='ocr_line' id='line_1_15' title="bbox 155 1739 1246 1830; baseline -0.004 -21"><span class='ocrx_word' id='word_1_130' title='bbox 155 1746 271 1827; x_wconf 86' lang='grc' dir='ltr'><strong><em>γένους</em></strong></span> <span class='ocrx_word' id='word_1_131' title='bbox 288 1740 495 1830; x_wconf 81' lang='grc' dir='ltr'><strong><em>βορειότεροι,</em></strong></span> <span class='ocrx_word' id='word_1_132' title='bbox 525 1740 589 1807; x_wconf 73' lang='grc' dir='ltr'><strong><em>ναῒ</em></strong></span> <span class='ocrx_word' id='word_1_133' title='bbox 599 1746 808 1828; x_wconf 82' lang='grc' dir='ltr'><strong><em>τετραμμένοι</em></strong></span> <span class='ocrx_word' id='word_1_134' title='bbox 823 1740 928 1829; x_wconf 82' lang='grc' dir='ltr'><strong><em>ἧρέμα</em></strong></span> <span class='ocrx_word' id='word_1_135' title='bbox 945 1745 980 1819; x_wconf 76' lang='grc' dir='ltr'><strong>ἐς</strong></span> <span class='ocrx_word' id='word_1_136' title='bbox 996 1739 1086 1830; x_wconf 75' lang='grc' dir='ltr'><strong><em>ἥλιον</em></strong></span> <span class='ocrx_word' id='word_1_137' title='bbox 1104 1742 1246 1809; x_wconf 77' lang='grc' dir='ltr'><strong><em>ἀνιόντα.</em></strong></span> 
     </span>
     <span class='ocr_line' id='line_1_16' title="bbox 118 1834 1247 1929; baseline 0.002 -22"><span class='ocrx_word' id='word_1_138' title='bbox 118 1840 265 1927; x_wconf 74' lang='grc' dir='ltr'><strong><em>ιὸἒπειόῆ</em></strong></span> <span class='ocrx_word' id='word_1_139' title='bbox 289 1834 347 1907; x_wconf 79' lang='grc' dir='ltr'><strong><em>σάν</em></strong></span> <span class='ocrx_word' id='word_1_140' title='bbox 368 1842 402 1917; x_wconf 72' lang='grc' dir='ltr'><strong>ἐς</strong></span> <span class='ocrx_word' id='word_1_141' title='bbox 425 1839 538 1907; x_wconf 76' lang='grc' dir='ltr'><strong><em>τοιόσδε</em></strong></span> <span class='ocrx_word' id='word_1_142' title='bbox 562 1842 790 1929; x_wconf 85' lang='grc' dir='ltr'><strong><em>παραγέγονεν,</em></strong></span> <span class='ocrx_word' id='word_1_143' title='bbox 819 1839 925 1908; x_wconf 78' lang='grc' dir='ltr'><strong><em>ἔννοιά</em></strong></span> <span class='ocrx_word' id='word_1_144' title='bbox 940 1868 988 1919; x_wconf 88' lang='grc' dir='ltr'><strong>τις</strong></span> <span class='ocrx_word' id='word_1_145' title='bbox 1006 1838 1124 1918; x_wconf 83' lang='grc' dir='ltr'><strong><em>αότοός</em></strong></span> <span class='ocrx_word' id='word_1_146' title='bbox 1143 1845 1247 1928; x_wconf 77' lang='grc' dir='ltr'><strong><em>εἰσῆλ-</em></strong></span> 
     </span>
     <span class='ocr_line' id='line_1_17' title="bbox 156 1932 1247 2029; baseline 0.001 -23"><span class='ocrx_word' id='word_1_147' title='bbox 156 1946 213 2006; x_wconf 84' lang='grc' dir='ltr'><strong>θεν</strong></span> <span class='ocrx_word' id='word_1_148' title='bbox 219 1991 231 2022; x_wconf 94' lang='grc'><strong><em>,</em></strong></span> <span class='ocrx_word' id='word_1_149' title='bbox 257 1932 379 2026; x_wconf 61' lang='lat' dir='ltr'><strong>ciceion</strong></span> <span class='ocrx_word' id='word_1_150' title='bbox 397 1942 431 2005; x_wconf 74' lang='grc' dir='ltr'><strong><em>ἓν</em></strong></span> <span class='ocrx_word' id='word_1_151' title='bbox 454 1964 487 2005; x_wconf 87' lang='grc' dir='ltr'><strong>τι</strong></span> <span class='ocrx_word' id='word_1_152' title='bbox 509 1942 573 2007; x_wconf 78' lang='grc' dir='ltr'><strong><em>τάν</em></strong></span> <span class='ocrx_word' id='word_1_153' title='bbox 590 1944 750 2027; x_wconf 83' lang='grc' dir='ltr'><strong><em>σφετέραν</em></strong></span> <span class='ocrx_word' id='word_1_154' title='bbox 769 1939 934 2028; x_wconf 75' lang='grc' dir='ltr'><strong><em>φρουρίων</em></strong></span> <span class='ocrx_word' id='word_1_155' title='bbox 950 1942 1031 2029; x_wconf 75' lang='grc' dir='ltr'><strong>ἄμφ’</strong></span> <span class='ocrx_word' id='word_1_156' title='bbox 1052 1940 1137 2007; x_wconf 80' lang='grc' dir='ltr'><strong><em>αότά</em></strong></span> <span class='ocrx_word' id='word_1_157' title='bbox 1151 1940 1191 2027; x_wconf 74' lang='grc' dir='ltr'><strong>δὴ</strong></span> <span class='ocrx_word' id='word_1_158' title='bbox 1206 1939 1247 2007; x_wconf 86' lang='grc' dir='ltr'><strong>τά</strong></span> 
     </span>
     <span class='ocr_line' id='line_1_18' title="bbox 156 2033 1245 2126; baseline -0.002 -21"><span class='ocrx_word' id='word_1_159' title='bbox 156 2040 278 2118; x_wconf 77' lang='grc' dir='ltr'><strong><em>Λαζῶν</em></strong></span> <span class='ocrx_word' id='word_1_160' title='bbox 298 2033 370 2126; x_wconf 87' lang='grc' dir='ltr'><strong><em>όρια</em></strong></span> <span class='ocrx_word' id='word_1_161' title='bbox 391 2038 574 2125; x_wconf 70' lang='grc' dir='ltr'><strong><em>ἱδρυμένον,</em></strong></span> <span class='ocrx_word' id='word_1_162' title='bbox 605 2036 624 2104; x_wconf 82' lang='grc' dir='ltr'><strong><em>ό</em></strong></span> <span class='ocrx_word' id='word_1_163' title='bbox 645 2036 685 2125; x_wconf 74' lang='grc' dir='ltr'><strong>δὴ</strong></span> <span class='ocrx_word' id='word_1_164' title='bbox 706 2036 870 2123; x_wconf 86' lang='grc' dir='ltr'><strong><em>Βοόχλοον</em></strong></span> <span class='ocrx_word' id='word_1_165' title='bbox 893 2036 1101 2122; x_wconf 75' lang='grc' dir='ltr'><strong><em>ὀνομάζουσιν</em></strong></span> <span class='ocrx_word' id='word_1_166' title='bbox 1113 2091 1124 2121; x_wconf 96' lang='grc'><strong><em>,</em></strong></span> <span class='ocrx_word' id='word_1_167' title='bbox 1153 2044 1245 2105; x_wconf 74' lang='grc' dir='ltr'><strong><em>τοῦτο</em></strong></span> 
     </span>
     <span class='ocr_line' id='line_1_19' title="bbox 157 2132 1242 2223; baseline 0.001 -21"><span class='ocrx_word' id='word_1_168' title='bbox 157 2140 193 2202; x_wconf 77' lang='lat' dir='ltr'><strong>di</strong></span> <span class='ocrx_word' id='word_1_169' title='bbox 219 2132 270 2221; x_wconf 83' lang='grc' dir='ltr'><strong><em>όγε</em></strong></span> <span class='ocrx_word' id='word_1_170' title='bbox 291 2135 437 2221; x_wconf 80' lang='grc' dir='ltr'><strong><em>βούλοιτο</em></strong></span> <span class='ocrx_word' id='word_1_171' title='bbox 459 2142 524 2215; x_wconf 78' lang='grc' dir='ltr'><strong><em>τοῖς</em></strong></span> <span class='ocrx_word' id='word_1_172' title='bbox 549 2134 694 2214; x_wconf 77' lang='grc' dir='ltr'><strong><em>Ἀλανοῑς</em></strong></span> <span class='ocrx_word' id='word_1_173' title='bbox 717 2142 971 2223; x_wconf 71' lang='grc' dir='ltr'><strong><em>καταπροέσθαι,</em></strong></span> <span class='ocrx_word' id='word_1_174' title='bbox 1005 2138 1050 2214; x_wconf 78' lang='grc' dir='ltr'><strong>ὥς</strong></span> <span class='ocrx_word' id='word_1_175' title='bbox 1069 2132 1110 2203; x_wconf 88' lang='grc' dir='ltr'><strong><em>άν</em></strong></span> <span class='ocrx_word' id='word_1_176' title='bbox 1132 2137 1242 2204; x_wconf 77' lang='lat' dir='ltr'><strong>oiseis</strong></span> 
     </span>
     <span class='ocr_line' id='line_1_20' title="bbox 155 2230 1241 2323; baseline 0 -23"><span class='ocrx_word' id='word_1_177' title='bbox 155 2236 258 2300; x_wconf 64' lang='lat' dir='ltr'><strong>teres</strong></span> <span class='ocrx_word' id='word_1_178' title='bbox 278 2236 424 2321; x_wconf 82' lang='grc' dir='ltr'><strong><em>πρέσβεις</em></strong></span> <span class='ocrx_word' id='word_1_179' title='bbox 446 2238 510 2301; x_wconf 77' lang='grc' dir='ltr'><strong><em>τάν</em></strong></span> <span class='ocrx_word' id='word_1_180' title='bbox 537 2230 689 2323; x_wconf 83' lang='grc' dir='ltr'><strong><em>όπωτέρω</em></strong></span> <span class='ocrx_word' id='word_1_181' title='bbox 710 2234 889 2317; x_wconf 74' lang='grc' dir='ltr'><strong><em>οἰκούντων,</em></strong></span> <span class='ocrx_word' id='word_1_182' title='bbox 910 2237 1011 2301; x_wconf 72' lang='grc' dir='ltr'><strong><em>αὐτοῦ</em></strong></span> <span class='ocrx_word' id='word_1_183' title='bbox 1034 2236 1241 2322; x_wconf 77' lang='grc' dir='ltr'><strong><em>ἀγειρόμενοι,</em></strong></span> 
     </span>
     <span class='ocr_line' id='line_1_21' title="bbox 114 2328 1244 2421; baseline -0.003 -18"><span class='ocrx_word' id='word_1_184' title='bbox 114 2328 209 2403; x_wconf 80' lang='grc' dir='ltr'><strong><em>αοτόν</em></strong></span> <span class='ocrx_word' id='word_1_185' title='bbox 228 2330 348 2416; x_wconf 84' lang='grc' dir='ltr'><strong><em>μισθόν</em></strong></span> <span class='ocrx_word' id='word_1_186' title='bbox 372 2328 600 2421; x_wconf 79' lang='grc' dir='ltr'><strong><em>άποφέρρινισ,</em></strong></span> <span class='ocrx_word' id='word_1_187' title='bbox 638 2337 693 2400; x_wconf 83' lang='grc' dir='ltr'><strong>καὶ</strong></span> <span class='ocrx_word' id='word_1_188' title='bbox 713 2336 826 2421; x_wconf 80' lang='grc' dir='ltr'><strong><em>μηκέτι</em></strong></span> <span class='ocrx_word' id='word_1_189' title='bbox 851 2333 970 2419; x_wconf 84' lang='grc' dir='ltr'><strong><em>άνάγκη</em></strong></span> <span class='ocrx_word' id='word_1_190' title='bbox 993 2357 1040 2409; x_wconf 88' lang='grc' dir='ltr'><strong>τις</strong></span> <span class='ocrx_word' id='word_1_191' title='bbox 1069 2330 1118 2418; x_wconf 80' lang='grc' dir='ltr'><strong><em>εἴη</em></strong></span> <span class='ocrx_word' id='word_1_192' title='bbox 1141 2336 1184 2421; x_wconf 75' lang='grc' dir='ltr'><strong>τῷ</strong></span> <span class='ocrx_word' id='word_1_193' title='bbox 1204 2328 1244 2399; x_wconf 83' lang='grc' dir='ltr'><strong>τά</strong></span> 
     </span>
     <span class='ocr_line' id='line_1_22' title="bbox 156 2431 1262 2523; baseline -0.002 -20"><span class='ocrx_word' id='word_1_194' title='bbox 156 2432 306 2519; x_wconf 78' lang='grc' dir='ltr'><strong><em>χρήματα</em></strong></span> <span class='ocrx_word' id='word_1_195' title='bbox 329 2436 534 2523; x_wconf 77' lang='grc' dir='ltr'><strong><em>παρεχομένῳ</em></strong></span> <span class='ocrx_word' id='word_1_196' title='bbox 564 2431 622 2510; x_wconf 82' lang='grc' dir='ltr'><strong>τάς</strong></span> <span class='ocrx_word' id='word_1_197' title='bbox 644 2436 703 2500; x_wconf 78' lang='grc' dir='ltr'><strong>τοῦ</strong></span> <span class='ocrx_word' id='word_1_198' title='bbox 725 2434 901 2500; x_wconf 76' lang='grc' dir='ltr'><strong><em>Καυκάσου</em></strong></span> <span class='ocrx_word' id='word_1_199' title='bbox 924 2442 1117 2522; x_wconf 73' lang='grc' dir='ltr'><strong><em>περινοστεῖν</em></strong></span> <span class='ocrx_word' id='word_1_200' title='bbox 1146 2432 1262 2502; x_wconf 67' lang='grc' dir='ltr'><strong><em>εἷπον-Β</em></strong></span> 
     </span>
     <span class='ocr_line' id='line_1_23' title="bbox 157 2529 811 2618; baseline 0.003 -22"><span class='ocrx_word' id='word_1_201' title='bbox 157 2532 263 2618; x_wconf 77' lang='grc' dir='ltr'><strong><em>ρεέας,</em></strong></span> <span class='ocrx_word' id='word_1_202' title='bbox 297 2535 352 2597; x_wconf 86' lang='grc' dir='ltr'><strong><em>καί</em></strong></span> <span class='ocrx_word' id='word_1_203' title='bbox 373 2529 473 2597; x_wconf 73' lang='grc' dir='ltr'><strong><em>αὐτόν</em></strong></span> <span class='ocrx_word' id='word_1_204' title='bbox 496 2534 547 2598; x_wconf 75' lang='grc' dir='ltr'><strong>ἐπ’</strong></span> <span class='ocrx_word' id='word_1_205' title='bbox 560 2533 697 2610; x_wconf 72' lang='grc' dir='ltr'><strong><em>ἐκεινοις</em></strong></span> <span class='ocrx_word' id='word_1_206' title='bbox 719 2536 811 2599; x_wconf 84' lang='grc' dir='ltr'><strong><em>ἰέναι.</em></strong></span> 
     </span>
    </p>
   </div>
   <div class='ocr_carea' id='block_1_3' title="bbox 225 2639 1242 2927">
    <p class='ocr_par' dir='ltr' id='par_1_3' title="bbox 225 2639 1242 2927">
     <span class='ocr_line' id='line_1_24' title="bbox 226 2639 1242 2716; baseline 0.003 -24"><span class='ocrx_word' id='word_1_207' title='bbox 226 2645 250 2696; x_wconf 82' lang='lat'><strong>3.</strong></span> <span class='ocrx_word' id='word_1_208' title='bbox 267 2639 399 2711; x_wconf 73' lang='grc' dir='ltr'><strong><em>διανέμει</em></strong></span> <span class='ocrx_word' id='word_1_209' title='bbox 409 2644 449 2706; x_wconf 68' lang='lat' dir='ltr'><strong>R„</strong></span> <span class='ocrx_word' id='word_1_210' title='bbox 461 2641 591 2715; x_wconf 75' lang='grc' dir='ltr'><strong><em>διανέμει</em></strong></span> <span class='ocrx_word' id='word_1_211' title='bbox 599 2643 669 2716; x_wconf 81' lang='lat' dir='ltr'><strong>vulg.</strong></span> <span class='ocrx_word' id='word_1_212' title='bbox 711 2661 734 2714; x_wconf 77' lang='grc' dir='ltr'><strong>γ.</strong></span> <span class='ocrx_word' id='word_1_213' title='bbox 754 2643 847 2710; x_wconf 72' lang='grc' dir='ltr'><strong><em>ἧσθον</em></strong></span> <span class='ocrx_word' id='word_1_214' title='bbox 864 2643 929 2714; x_wconf 84' lang='lat' dir='ltr'><strong>sph.</strong></span> <span class='ocrx_word' id='word_1_215' title='bbox 948 2645 1003 2697; x_wconf 82' lang='lat' dir='ltr'><strong>Par.</strong></span> <span class='ocrx_word' id='word_1_216' title='bbox 1041 2641 1242 2712; x_wconf 69' lang='grc' dir='ltr'><strong><em>8Ειῖστράτης</em></strong></span> 
     </span>
     <span class='ocr_line' id='line_1_25' title="bbox 226 2711 1242 2784; baseline 0.008 -23"><span class='ocrx_word' id='word_1_217' title='bbox 226 2711 266 2774; x_wconf 69' lang='grc' dir='ltr'><strong>Β,</strong></span> <span class='ocrx_word' id='word_1_218' title='bbox 284 2713 367 2779; x_wconf 88' lang='lat' dir='ltr'><strong>lntpr.</strong></span> <span class='ocrx_word' id='word_1_219' title='bbox 385 2713 536 2767; x_wconf 81' lang='lat' dir='ltr'><strong>Estratius.</strong></span> <span class='ocrx_word' id='word_1_220' title='bbox 593 2733 631 2769; x_wconf 89' lang='grc' dir='ltr'><strong>ιο.</strong></span> <span class='ocrx_word' id='word_1_221' title='bbox 651 2715 771 2770; x_wconf 67' lang='lat' dir='ltr'><strong>Micioni</strong></span> <span class='ocrx_word' id='word_1_222' title='bbox 795 2723 860 2767; x_wconf 86' lang='lat' dir='ltr'><strong>sunt</strong></span> <span class='ocrx_word' id='word_1_223' title='bbox 876 2715 949 2784; x_wconf 85' lang='lat' dir='ltr'><strong>apud</strong></span> <span class='ocrx_word' id='word_1_224' title='bbox 970 2717 1054 2784; x_wconf 85' lang='lat' dir='ltr'><strong>Intps.</strong></span> <span class='ocrx_word' id='word_1_225' title='bbox 1074 2723 1102 2766; x_wconf 87' lang='lat' dir='ltr'><strong>et</strong></span> <span class='ocrx_word' id='word_1_226' title='bbox 1119 2715 1192 2769; x_wconf 81' lang='lat' dir='ltr'><strong>insta</strong></span> <span class='ocrx_word' id='word_1_227' title='bbox 1209 2714 1242 2769; x_wconf 79' lang='lat' dir='ltr'><strong>in</strong></span> 
     </span>
     <span class='ocr_line' id='line_1_26' title="bbox 225 2781 1242 2858; baseline 0.006 -26"><span class='ocrx_word' id='word_1_228' title='bbox 225 2781 289 2834; x_wconf 76' lang='lat' dir='ltr'><strong>Esse.</strong></span> <span class='ocrx_word' id='word_1_229' title='bbox 307 2783 368 2832; x_wconf 79' lang='lat' dir='ltr'><strong>Bas.</strong></span> <span class='ocrx_word' id='word_1_230' title='bbox 418 2803 457 2857; x_wconf 73' lang='grc' dir='ltr'><strong>ιγ.</strong></span> <span class='ocrx_word' id='word_1_231' title='bbox 475 2783 621 2853; x_wconf 80' lang='grc' dir='ltr'><strong><em>Βούχλοος</em></strong></span> <span class='ocrx_word' id='word_1_232' title='bbox 639 2787 669 2837; x_wconf 81' lang='lat' dir='ltr'><strong>R.</strong></span> <span class='ocrx_word' id='word_1_233' title='bbox 705 2805 746 2840; x_wconf 87' lang='lat' dir='ltr'><strong>as.</strong></span> <span class='ocrx_word' id='word_1_234' title='bbox 772 2787 822 2839; x_wconf 90' lang='lat' dir='ltr'><strong>Pro</strong></span> <span class='ocrx_word' id='word_1_235' title='bbox 839 2793 1022 2858; x_wconf 82' lang='grc' dir='ltr'><strong><em>περινοστεῖν</em></strong></span> <span class='ocrx_word' id='word_1_236' title='bbox 1041 2787 1070 2837; x_wconf 76' lang='lat' dir='ltr'><strong>n</strong></span> <span class='ocrx_word' id='word_1_237' title='bbox 1085 2787 1164 2855; x_wconf 80' lang='grc' dir='ltr'><strong><em>πέρι,</em></strong></span> <span class='ocrx_word' id='word_1_238' title='bbox 1191 2783 1242 2838; x_wconf 87' lang='lat' dir='ltr'><strong>sed</strong></span> 
     </span>
     <span class='ocr_line' id='line_1_27' title="bbox 226 2850 684 2927; baseline 0.009 -25"><span class='ocrx_word' id='word_1_239' title='bbox 226 2850 257 2902; x_wconf 88' lang='lat' dir='ltr'><strong>i&#39;n</strong></span> <span class='ocrx_word' id='word_1_240' title='bbox 277 2868 327 2921; x_wconf 81' lang='lat' dir='ltr'><strong>mg.</strong></span> <span class='ocrx_word' id='word_1_241' title='bbox 340 2853 440 2927; x_wconf 76' lang='grc' dir='ltr'><strong><em>περᾷν.</em></strong></span> <span class='ocrx_word' id='word_1_242' title='bbox 475 2871 517 2908; x_wconf 79' lang='lat' dir='ltr'><strong>aa.</strong></span> <span class='ocrx_word' id='word_1_243' title='bbox 535 2858 584 2906; x_wconf 84' lang='grc' dir='ltr'><strong><em>καλ</em></strong></span> <span class='ocrx_word' id='word_1_244' title='bbox 599 2850 684 2908; x_wconf 80' lang='lat' dir='ltr'><strong>omdi.</strong></span> 
     </span>
    </p>
   </div>
   <div class='ocr_carea' id='block_1_4' title="bbox 147 2942 1332 4272">
    <p class='ocr_par' dir='ltr' id='par_1_4' title="bbox 147 2942 1332 4272">
     <span class='ocr_line' id='line_1_28' title="bbox 155 2942 1239 3018; baseline -0.001 -20"><span class='ocrx_word' id='word_1_245' title='bbox 155 2953 246 2998; x_wconf 84' lang='lat' dir='ltr'><strong>autem</strong></span> <span class='ocrx_word' id='word_1_246' title='bbox 268 2945 421 3016; x_wconf 72' lang='lat' dir='ltr'><strong>praefectus</strong></span> <span class='ocrx_word' id='word_1_247' title='bbox 439 2946 529 2998; x_wconf 85' lang='lat' dir='ltr'><strong>statim</strong></span> <span class='ocrx_word' id='word_1_248' title='bbox 547 2947 609 3010; x_wconf 87' lang='lat' dir='ltr'><strong>iter,</strong></span> <span class='ocrx_word' id='word_1_249' title='bbox 627 2945 662 2998; x_wconf 90' lang='lat' dir='ltr'><strong>ad</strong></span> <span class='ocrx_word' id='word_1_250' title='bbox 679 2942 753 3018; x_wconf 93' lang='lat' dir='ltr'><strong>quod</strong></span> <span class='ocrx_word' id='word_1_251' title='bbox 763 2948 860 2999; x_wconf 87' lang='lat' dir='ltr'><strong>missus</strong></span> <span class='ocrx_word' id='word_1_252' title='bbox 878 2954 945 3007; x_wconf 86' lang='lat' dir='ltr'><strong>erat,</strong></span> <span class='ocrx_word' id='word_1_253' title='bbox 958 2943 1083 3014; x_wconf 83' lang='lat' dir='ltr'><strong>arripuit.</strong></span> <span class='ocrx_word' id='word_1_254' title='bbox 1123 2943 1239 2997; x_wconf 82' lang='lat' dir='ltr'><strong>Adsere·</strong></span> 
     </span>
     <span class='ocr_line' id='line_1_29' title="bbox 153 3014 1239 3086; baseline -0.002 -18"><span class='ocrx_word' id='word_1_255' title='bbox 153 3017 202 3068; x_wconf 86' lang='lat' dir='ltr'><strong>bat</strong></span> <span class='ocrx_word' id='word_1_256' title='bbox 218 3016 292 3068; x_wconf 86' lang='lat' dir='ltr'><strong>enim</strong></span> <span class='ocrx_word' id='word_1_257' title='bbox 311 3015 485 3085; x_wconf 85' lang='lat' dir='ltr'><strong>pecuniama</strong></span> <span class='ocrx_word' id='word_1_258' title='bbox 508 3031 577 3086; x_wconf 75' lang='lat' dir='ltr'><strong>rege,</strong></span> <span class='ocrx_word' id='word_1_259' title='bbox 616 3034 677 3068; x_wconf 86' lang='lat' dir='ltr'><strong>uasn</strong></span> <span class='ocrx_word' id='word_1_260' title='bbox 696 3017 820 3070; x_wconf 83' lang='lat' dir='ltr'><strong>finitimis</strong></span> <span class='ocrx_word' id='word_1_261' title='bbox 848 3016 971 3068; x_wconf 88' lang='lat' dir='ltr'><strong>barbaris</strong></span> <span class='ocrx_word' id='word_1_262' title='bbox 987 3014 1104 3065; x_wconf 75' lang='lat' dir='ltr'><strong>bellicae</strong></span> <span class='ocrx_word' id='word_1_263' title='bbox 1121 3017 1239 3066; x_wconf 87' lang='lat' dir='ltr'><strong>societa-</strong></span> 
     </span>
     <span class='ocr_line' id='line_1_30' title="bbox 154 3035 1239 3156; baseline -0.002 -20"><span class='ocrx_word' id='word_1_264' title='bbox 154 3087 189 3139; x_wconf 88' lang='lat' dir='ltr'><strong>tis</strong></span> <span class='ocrx_word' id='word_1_265' title='bbox 215 3103 295 3140; x_wconf 88' lang='lat' dir='ltr'><strong>causa</strong></span> <span class='ocrx_word' id='word_1_266' title='bbox 324 3085 513 3152; x_wconf 81' lang='lat' dir='ltr'><strong>distribueret3</strong></span> <span class='ocrx_word' id='word_1_267' title='bbox 539 3035 615 3156; x_wconf 84' lang='lat' dir='ltr'><strong>quod</strong></span> <span class='ocrx_word' id='word_1_268' title='bbox 637 3086 749 3156; x_wconf 87' lang='lat' dir='ltr'><strong>quidem</strong></span> <span class='ocrx_word' id='word_1_269' title='bbox 773 3096 802 3138; x_wconf 85' lang='lat' dir='ltr'><strong>et</strong></span> <span class='ocrx_word' id='word_1_270' title='bbox 818 3105 833 3138; x_wconf 89' lang='lat' dir='ltr'><strong>a</strong></span> <span class='ocrx_word' id='word_1_271' title='bbox 849 3085 936 3138; x_wconf 87' lang='lat' dir='ltr'><strong>multo</strong></span> <span class='ocrx_word' id='word_1_272' title='bbox 951 3092 1073 3153; x_wconf 86' lang='lat' dir='ltr'><strong>tempore</strong></span> <span class='ocrx_word' id='word_1_273' title='bbox 1092 3091 1134 3134; x_wconf 88' lang='lat' dir='ltr'><strong>est</strong></span> <span class='ocrx_word' id='word_1_274' title='bbox 1152 3085 1239 3134; x_wconf 84' lang='lat' dir='ltr'><strong>usita-</strong></span> 
     </span>
     <span class='ocr_line' id='line_1_31' title="bbox 153 3151 1238 3228; baseline -0.005 -20"><span class='ocrx_word' id='word_1_275' title='bbox 153 3163 213 3208; x_wconf 89' lang='lat' dir='ltr'><strong>tum</strong></span> <span class='ocrx_word' id='word_1_276' title='bbox 235 3165 264 3208; x_wconf 87' lang='lat' dir='ltr'><strong>et</strong></span> <span class='ocrx_word' id='word_1_277' title='bbox 289 3155 437 3228; x_wconf 71' lang='lat' dir='ltr'><strong>quotannis</strong></span> <span class='ocrx_word' id='word_1_278' title='bbox 456 3156 494 3208; x_wconf 85' lang='lat' dir='ltr'><strong>fit.</strong></span> <span class='ocrx_word' id='word_1_279' title='bbox 530 3156 738 3208; x_wconf 85' lang='lat' dir='ltr'><strong>Comitabantur</strong></span> <span class='ocrx_word' id='word_1_280' title='bbox 756 3171 821 3208; x_wconf 88' lang='lat' dir='ltr'><strong>vero</strong></span> <span class='ocrx_word' id='word_1_281' title='bbox 840 3159 930 3224; x_wconf 88' lang='lat' dir='ltr'><strong>ipsum</strong></span> <span class='ocrx_word' id='word_1_282' title='bbox 949 3171 982 3204; x_wconf 83' lang='lat' dir='ltr'><strong>ex</strong></span> <span class='ocrx_word' id='word_1_283' title='bbox 1006 3153 1071 3204; x_wconf 86' lang='lat' dir='ltr'><strong>filiis</strong></span> <span class='ocrx_word' id='word_1_284' title='bbox 1095 3151 1150 3204; x_wconf 93' lang='lat' dir='ltr'><strong>duo</strong></span> <span class='ocrx_word' id='word_1_285' title='bbox 1178 3169 1238 3203; x_wconf 89' lang='lat' dir='ltr'><strong>ma·</strong></span> 
     </span>
     <span class='ocr_line' id='line_1_32' title="bbox 154 3220 1237 3294; baseline -0.002 -20"><span class='ocrx_word' id='word_1_286' title='bbox 154 3226 225 3276; x_wconf 86' lang='lat' dir='ltr'><strong>iores</strong></span> <span class='ocrx_word' id='word_1_287' title='bbox 244 3235 325 3288; x_wconf 81' lang='lat' dir='ltr'><strong>natu,</strong></span> <span class='ocrx_word' id='word_1_288' title='bbox 343 3225 493 3294; x_wconf 73' lang='lat' dir='ltr'><strong>Philagrius</strong></span> <span class='ocrx_word' id='word_1_289' title='bbox 512 3233 541 3278; x_wconf 89' lang='lat' dir='ltr'><strong>et</strong></span> <span class='ocrx_word' id='word_1_290' title='bbox 558 3227 701 3291; x_wconf 76' lang='lat' dir='ltr'><strong>Romulus3</strong></span> <span class='ocrx_word' id='word_1_291' title='bbox 720 3232 751 3277; x_wconf 89' lang='lat' dir='ltr'><strong>ut</strong></span> <span class='ocrx_word' id='word_1_292' title='bbox 768 3229 860 3278; x_wconf 79' lang='lat' dir='ltr'><strong>stetim</strong></span> <span class='ocrx_word' id='word_1_293' title='bbox 873 3224 953 3276; x_wconf 89' lang='lat' dir='ltr'><strong>domo</strong></span> <span class='ocrx_word' id='word_1_294' title='bbox 972 3222 1072 3292; x_wconf 84' lang='lat' dir='ltr'><strong>egressi</strong></span> <span class='ocrx_word' id='word_1_295' title='bbox 1089 3220 1237 3276; x_wconf 88' lang='lat' dir='ltr'><strong>moderatis</strong></span> 
     </span>
     <span class='ocr_line' id='line_1_33' title="bbox 154 3291 1237 3367; baseline 0 -23"><span class='ocrx_word' id='word_1_296' title='bbox 154 3293 294 3347; x_wconf 79' lang='lat' dir='ltr'>laboribus</span> <span class='ocrx_word' id='word_1_297' title='bbox 311 3295 510 3358; x_wconf 73' lang='lat' dir='ltr'><strong>adsuescerent,</strong></span> <span class='ocrx_word' id='word_1_298' title='bbox 535 3296 671 3367; x_wconf 73' lang='lat' dir='ltr'><strong>siquidem</strong></span> <span class='ocrx_word' id='word_1_299' title='bbox 690 3295 769 3348; x_wconf 87' lang='lat' dir='ltr'><strong>ambo</strong></span> <span class='ocrx_word' id='word_1_300' title='bbox 790 3297 842 3346; x_wconf 86' lang='lat' dir='ltr'><strong>iarn</strong></span> <span class='ocrx_word' id='word_1_301' title='bbox 861 3311 894 3347; x_wconf 84' lang='lat' dir='ltr'><strong>ex</strong></span> <span class='ocrx_word' id='word_1_302' title='bbox 913 3291 1027 3362; x_wconf 86' lang='lat' dir='ltr'><strong>ephebis</strong></span> <span class='ocrx_word' id='word_1_303' title='bbox 1045 3299 1237 3354; x_wconf 78' lang='lat' dir='ltr'><strong>excesserant,</strong></span> 
     </span>
     <span class='ocr_line' id='line_1_34' title="bbox 153 3361 1235 3434; baseline 0 -20"><span class='ocrx_word' id='word_1_304' title='bbox 153 3372 183 3414; x_wconf 84' lang='lat' dir='ltr'><strong>et</strong></span> <span class='ocrx_word' id='word_1_305' title='bbox 200 3364 288 3416; x_wconf 90' lang='lat' dir='ltr'><strong>labori</strong></span> <span class='ocrx_word' id='word_1_306' title='bbox 307 3365 420 3418; x_wconf 81' lang='lat' dir='ltr'><strong>ferendo</strong></span> <span class='ocrx_word' id='word_1_307' title='bbox 439 3382 518 3434; x_wconf 89' lang='lat' dir='ltr'><strong>pares</strong></span> <span class='ocrx_word' id='word_1_308' title='bbox 532 3373 617 3419; x_wconf 89' lang='lat' dir='ltr'><strong>erant.</strong></span> <span class='ocrx_word' id='word_1_309' title='bbox 655 3366 765 3417; x_wconf 85' lang='lat' dir='ltr'><strong>Tertius</strong></span> <span class='ocrx_word' id='word_1_310' title='bbox 781 3365 861 3434; x_wconf 63' lang='lat' dir='ltr'><strong>enim</strong></span> <span class='ocrx_word' id='word_1_311' title='bbox 878 3365 999 3426; x_wconf 84' lang='lat' dir='ltr'><strong>illosum,</strong></span> <span class='ocrx_word' id='word_1_312' title='bbox 1010 3361 1235 3428; x_wconf 79' lang='lat' dir='ltr'><strong>Eustratius,By-</strong></span> 
     </span>
     <span class='ocr_line' id='line_1_35' title="bbox 153 3433 1236 3506; baseline 0.002 -23"><span class='ocrx_word' id='word_1_313' title='bbox 153 3435 237 3484; x_wconf 84' lang='lat' dir='ltr'><strong>santii</strong></span> <span class='ocrx_word' id='word_1_314' title='bbox 256 3435 365 3487; x_wconf 87' lang='lat' dir='ltr'><strong>relictus</strong></span> <span class='ocrx_word' id='word_1_315' title='bbox 386 3443 457 3497; x_wconf 86' lang='lat' dir='ltr'><strong>eret,</strong></span> <span class='ocrx_word' id='word_1_316' title='bbox 475 3435 550 3506; x_wconf 92' lang='lat' dir='ltr'><strong>quod</strong></span> <span class='ocrx_word' id='word_1_317' title='bbox 568 3445 596 3488; x_wconf 90' lang='lat' dir='ltr'><strong>et</strong></span> <span class='ocrx_word' id='word_1_318' title='bbox 611 3435 699 3487; x_wconf 85' lang='lat' dir='ltr'><strong>adhuc</strong></span> <span class='ocrx_word' id='word_1_319' title='bbox 719 3435 866 3487; x_wconf 82' lang='lat' dir='ltr'><strong>admodum</strong></span> <span class='ocrx_word' id='word_1_320' title='bbox 883 3442 956 3486; x_wconf 82' lang='lat' dir='ltr'><strong>esset</strong></span> <span class='ocrx_word' id='word_1_321' title='bbox 972 3433 1095 3493; x_wconf 79' lang='lat' dir='ltr'><strong>iuuenis,</strong></span> <span class='ocrx_word' id='word_1_322' title='bbox 1121 3441 1150 3483; x_wconf 86' lang='lat' dir='ltr'><strong>et</strong></span> <span class='ocrx_word' id='word_1_323' title='bbox 1173 3449 1236 3485; x_wconf 86' lang='lat' dir='ltr'><strong>cor-</strong></span> 
     </span>
     <span class='ocr_line' id='line_1_36' title="bbox 150 3501 1237 3576; baseline 0.001 -24"><span class='ocrx_word' id='word_1_324' title='bbox 150 3519 220 3572; x_wconf 85' lang='lat' dir='ltr'><strong>pore</strong></span> <span class='ocrx_word' id='word_1_325' title='bbox 237 3504 348 3572; x_wconf 82' lang='lat' dir='ltr'><strong>insuper</strong></span> <span class='ocrx_word' id='word_1_326' title='bbox 365 3521 538 3576; x_wconf 83' lang='lat' dir='ltr'><strong>nequaquam</strong></span> <span class='ocrx_word' id='word_1_327' title='bbox 556 3504 656 3557; x_wconf 87' lang='lat' dir='ltr'><strong>valido.</strong></span> <span class='ocrx_word' id='word_1_328' title='bbox 697 3506 877 3576; x_wconf 76' lang='lat' dir='ltr'><strong>Posteaquam</strong></span> <span class='ocrx_word' id='word_1_329' title='bbox 896 3512 989 3556; x_wconf 88' lang='lat' dir='ltr'><strong>autem</strong></span> <span class='ocrx_word' id='word_1_330' title='bbox 1007 3501 1042 3553; x_wconf 93' lang='lat' dir='ltr'><strong>ad</strong></span> <span class='ocrx_word' id='word_1_331' title='bbox 1060 3501 1237 3553; x_wconf 86' lang='lat' dir='ltr'><strong>Misimiano-</strong></span> 
     </span>
     <span class='ocr_line' id='line_1_37' title="bbox 151 3572 1235 3646; baseline -0.002 -22"><span class='ocrx_word' id='word_1_332' title='bbox 151 3589 213 3624; x_wconf 88' lang='lat' dir='ltr'><strong>rum</strong></span> <span class='ocrx_word' id='word_1_333' title='bbox 231 3573 363 3626; x_wconf 85' lang='lat' dir='ltr'><strong>ditionem</strong></span> <span class='ocrx_word' id='word_1_334' title='bbox 380 3575 505 3642; x_wconf 82' lang='lat' dir='ltr'><strong>pervenit</strong></span> <span class='ocrx_word' id='word_1_335' title='bbox 523 3575 696 3639; x_wconf 86' lang='lat' dir='ltr'><strong>Soterichus‚</strong></span> <span class='ocrx_word' id='word_1_336' title='bbox 714 3574 774 3646; x_wconf 94' lang='lat' dir='ltr'><strong>(qui</strong></span> <span class='ocrx_word' id='word_1_337' title='bbox 793 3573 906 3645; x_wconf 88' lang='lat' dir='ltr'><strong>quidem</strong></span> <span class='ocrx_word' id='word_1_338' title='bbox 924 3572 1088 3626; x_wconf 87' lang='lat' dir='ltr'><strong>Colchorum</strong></span> <span class='ocrx_word' id='word_1_339' title='bbox 1104 3573 1162 3639; x_wconf 80' lang='lat' dir='ltr'><strong>regi</strong></span> <span class='ocrx_word' id='word_1_340' title='bbox 1183 3588 1235 3639; x_wconf 89' lang='lat' dir='ltr'><strong>pa-</strong></span> 
     </span>
     <span class='ocr_line' id='line_1_38' title="bbox 150 3640 1235 3713; baseline 0 -20"><span class='ocrx_word' id='word_1_341' title='bbox 150 3650 229 3706; x_wconf 85' lang='lat' dir='ltr'><strong>rent,</strong></span> <span class='ocrx_word' id='word_1_342' title='bbox 253 3649 285 3693; x_wconf 88' lang='lat' dir='ltr'><strong>ut</strong></span> <span class='ocrx_word' id='word_1_343' title='bbox 310 3652 338 3695; x_wconf 88' lang='lat' dir='ltr'><strong>et</strong></span> <span class='ocrx_word' id='word_1_344' title='bbox 365 3644 480 3710; x_wconf 76' lang='lat' dir='ltr'><strong>Apsilii,</strong></span> <span class='ocrx_word' id='word_1_345' title='bbox 499 3645 606 3698; x_wconf 88' lang='lat' dir='ltr'><strong>diversa</strong></span> <span class='ocrx_word' id='word_1_346' title='bbox 623 3653 715 3698; x_wconf 87' lang='lat' dir='ltr'><strong>tamen</strong></span> <span class='ocrx_word' id='word_1_347' title='bbox 736 3654 851 3698; x_wconf 89' lang='lat' dir='ltr'><strong>utuntur</strong></span> <span class='ocrx_word' id='word_1_348' title='bbox 867 3645 961 3712; x_wconf 82' lang='lat' dir='ltr'><strong>lingua</strong></span> <span class='ocrx_word' id='word_1_349' title='bbox 980 3643 1099 3713; x_wconf 89' lang='lat' dir='ltr'><strong>aliisque</strong></span> <span class='ocrx_word' id='word_1_350' title='bbox 1117 3640 1235 3709; x_wconf 56' lang='lat' dir='ltr'><strong>legibue</strong></span> 
     </span>
     <span class='ocr_line' id='line_1_39' title="bbox 150 3711 1234 3784; baseline 0 -22"><span class='ocrx_word' id='word_1_351' title='bbox 150 3717 217 3763; x_wconf 85' lang='lat' dir='ltr'><strong>aunt</strong></span> <span class='ocrx_word' id='word_1_352' title='bbox 242 3727 305 3763; x_wconf 85' lang='lat' dir='ltr'><strong>vero</strong></span> <span class='ocrx_word' id='word_1_353' title='bbox 330 3711 360 3764; x_wconf 92' lang='lat' dir='ltr'><strong>hi</strong></span> <span class='ocrx_word' id='word_1_354' title='bbox 383 3713 548 3781; x_wconf 77' lang='lat' dir='ltr'><strong>Apsiliorusn</strong></span> <span class='ocrx_word' id='word_1_355' title='bbox 574 3724 654 3784; x_wconf 80' lang='lat' dir='ltr'><strong>gente</strong></span> <span class='ocrx_word' id='word_1_356' title='bbox 677 3717 845 3769; x_wconf 84' lang='lat' dir='ltr'><strong>borealiores</strong></span> <span class='ocrx_word' id='word_1_357' title='bbox 867 3721 896 3764; x_wconf 90' lang='lat' dir='ltr'><strong>et</strong></span> <span class='ocrx_word' id='word_1_358' title='bbox 921 3712 957 3764; x_wconf 84' lang='lat' dir='ltr'><strong>ad</strong></span> <span class='ocrx_word' id='word_1_359' title='bbox 980 3713 1117 3764; x_wconf 81' lang='lat' dir='ltr'><strong>orientem</strong></span> <span class='ocrx_word' id='word_1_360' title='bbox 1146 3711 1234 3762; x_wconf 89' lang='lat' dir='ltr'><strong>solem</strong></span> 
     </span>
     <span class='ocr_line' id='line_1_40' title="bbox 148 3780 1332 3856; baseline 0 -23"><span class='ocrx_word' id='word_1_361' title='bbox 148 3781 280 3836; x_wconf 84' lang='lat' dir='ltr'><strong>nonnihil</strong></span> <span class='ocrx_word' id='word_1_362' title='bbox 296 3785 463 3852; x_wconf 82' lang='lat' dir='ltr'><strong>vergentes,)</strong></span> <span class='ocrx_word' id='word_1_363' title='bbox 481 3785 515 3837; x_wconf 88' lang='lat' dir='ltr'><strong>ad</strong></span> <span class='ocrx_word' id='word_1_364' title='bbox 536 3784 596 3848; x_wconf 85' lang='lat' dir='ltr'><strong>hos,</strong></span> <span class='ocrx_word' id='word_1_365' title='bbox 617 3786 738 3856; x_wconf 86' lang='lat' dir='ltr'><strong>inquam,</strong></span> <span class='ocrx_word' id='word_1_366' title='bbox 763 3803 823 3837; x_wconf 90' lang='lat' dir='ltr'><strong>cnm</strong></span> <span class='ocrx_word' id='word_1_367' title='bbox 841 3783 980 3844; x_wconf 82' lang='lat' dir='ltr'><strong>venisset,</strong></span> <span class='ocrx_word' id='word_1_368' title='bbox 997 3780 1125 3848; x_wconf 73' lang='lat' dir='ltr'><strong>cogitatio</strong></span> <span class='ocrx_word' id='word_1_369' title='bbox 1145 3796 1232 3850; x_wconf 88' lang='lat' dir='ltr'><strong>quae-</strong></span> <span class='ocrx_word' id='word_1_370' title='bbox 1328 3825 1332 3833; x_wconf 93' lang='grc'><em>,</em></span> 
     </span>
     <span class='ocr_line' id='line_1_41' title="bbox 150 3851 1232 3926; baseline 0 -23"><span class='ocrx_word' id='word_1_371' title='bbox 150 3851 211 3903; x_wconf 89' lang='lat' dir='ltr'><strong>dam</strong></span> <span class='ocrx_word' id='word_1_372' title='bbox 236 3853 304 3918; x_wconf 85' lang='lat' dir='ltr'><strong>ipsis</strong></span> <span class='ocrx_word' id='word_1_373' title='bbox 326 3853 439 3918; x_wconf 81' lang='lat' dir='ltr'><strong>incidit,</strong></span> <span class='ocrx_word' id='word_1_374' title='bbox 467 3854 542 3926; x_wconf 92' lang='lat' dir='ltr'><strong>quod</strong></span> <span class='ocrx_word' id='word_1_375' title='bbox 564 3858 661 3926; x_wconf 81' lang='lat' dir='ltr'><strong>utique</strong></span> <span class='ocrx_word' id='word_1_376' title='bbox 679 3871 763 3907; x_wconf 85' lang='lat' dir='ltr'><strong>unum</strong></span> <span class='ocrx_word' id='word_1_377' title='bbox 782 3853 919 3924; x_wconf 88' lang='lat' dir='ltr'><strong>quoddam</strong></span> <span class='ocrx_word' id='word_1_378' title='bbox 936 3869 970 3903; x_wconf 83' lang='lat' dir='ltr'><strong>ex</strong></span> <span class='ocrx_word' id='word_1_379' title='bbox 989 3853 1110 3919; x_wconf 87' lang='lat' dir='ltr'><strong>ipsorum</strong></span> <span class='ocrx_word' id='word_1_380' title='bbox 1128 3865 1232 3918; x_wconf 87' lang='lat' dir='ltr'><strong>propu-</strong></span> 
     </span>
     <span class='ocr_line' id='line_1_42' title="bbox 149 3921 1232 3991; baseline 0 -19"><span class='ocrx_word' id='word_1_381' title='bbox 149 3923 270 3990; x_wconf 74' lang='lat' dir='ltr'><strong>gnaculis</strong></span> <span class='ocrx_word' id='word_1_382' title='bbox 298 3922 367 3974; x_wconf 85' lang='lat' dir='ltr'><strong>circa</strong></span> <span class='ocrx_word' id='word_1_383' title='bbox 390 3925 463 3991; x_wconf 85' lang='lat' dir='ltr'><strong>ipsos</strong></span> <span class='ocrx_word' id='word_1_384' title='bbox 484 3925 615 3977; x_wconf 85' lang='lat' dir='ltr'><strong>Lazorum</strong></span> <span class='ocrx_word' id='word_1_385' title='bbox 632 3925 699 3977; x_wconf 87' lang='lat' dir='ltr'><strong>fines</strong></span> <span class='ocrx_word' id='word_1_386' title='bbox 718 3926 819 3987; x_wconf 86' lang='lat' dir='ltr'><strong>situm,</strong></span> <span class='ocrx_word' id='word_1_387' title='bbox 837 3921 987 3974; x_wconf 87' lang='lat' dir='ltr'><strong>Buchlonm</strong></span> <span class='ocrx_word' id='word_1_388' title='bbox 1005 3927 1148 3982; x_wconf 87' lang='lat' dir='ltr'><strong>vocatum,</strong></span> <span class='ocrx_word' id='word_1_389' title='bbox 1165 3921 1232 3972; x_wconf 81' lang='lat' dir='ltr'><strong>Ala-</strong></span> 
     </span>
     <span class='ocr_line' id='line_1_43' title="bbox 148 3989 1231 4064; baseline -0.003 -22"><span class='ocrx_word' id='word_1_390' title='bbox 148 3991 192 4042; x_wconf 87' lang='lat' dir='ltr'><strong>nis</strong></span> <span class='ocrx_word' id='word_1_391' title='bbox 209 3992 325 4060; x_wconf 87' lang='lat' dir='ltr'><strong>prodere</strong></span> <span class='ocrx_word' id='word_1_392' title='bbox 341 3993 438 4056; x_wconf 84' lang='lat' dir='ltr'><strong>veliet,</strong></span> <span class='ocrx_word' id='word_1_393' title='bbox 457 4003 489 4046; x_wconf 90' lang='lat' dir='ltr'><strong>ut</strong></span> <span class='ocrx_word' id='word_1_394' title='bbox 510 3995 641 4062; x_wconf 84' lang='lat' dir='ltr'><strong>gentium,</strong></span> <span class='ocrx_word' id='word_1_395' title='bbox 660 4011 730 4064; x_wconf 88' lang='lat' dir='ltr'><strong>quae</strong></span> <span class='ocrx_word' id='word_1_396' title='bbox 755 3995 888 4045; x_wconf 85' lang='lat' dir='ltr'><strong>remotius</strong></span> <span class='ocrx_word' id='word_1_397' title='bbox 906 3990 1071 4052; x_wconf 83' lang='lat' dir='ltr'><strong>habitarent,</strong></span> <span class='ocrx_word' id='word_1_398' title='bbox 1088 3989 1170 4058; x_wconf 78' lang='lat' dir='ltr'><strong>iegati</strong></span> <span class='ocrx_word' id='word_1_399' title='bbox 1187 3990 1231 4040; x_wconf 91' lang='lat' dir='ltr'><strong>ibi</strong></span> 
     </span>
     <span class='ocr_line' id='line_1_44' title="bbox 148 4059 1229 4146; baseline -0.002 -34"><span class='ocrx_word' id='word_1_400' title='bbox 148 4063 300 4146; x_wconf 70' lang='lat' dir='ltr'><strong>congregati</strong></span> <span class='ocrx_word' id='word_1_401' title='bbox 318 4062 457 4131; x_wconf 84' lang='lat' dir='ltr'><strong>stipendia</strong></span> <span class='ocrx_word' id='word_1_402' title='bbox 481 4063 635 4126; x_wconf 82' lang='lat' dir='ltr'><strong>deferrent,</strong></span> <span class='ocrx_word' id='word_1_403' title='bbox 657 4080 693 4116; x_wconf 92' lang='lat' dir='ltr'><strong>ne</strong></span> <span class='ocrx_word' id='word_1_404' title='bbox 713 4079 748 4114; x_wconf 91' lang='lat' dir='ltr'><strong>ue</strong></span> <span class='ocrx_word' id='word_1_405' title='bbox 771 4062 888 4130; x_wconf 83' lang='lat' dir='ltr'><strong>amplius</strong></span> <span class='ocrx_word' id='word_1_406' title='bbox 911 4061 1057 4112; x_wconf 80' lang='lat' dir='ltr'><strong>necessitas</strong></span> <span class='ocrx_word' id='word_1_407' title='bbox 1076 4059 1132 4111; x_wconf 89' lang='lat' dir='ltr'><strong>ulia</strong></span> <span class='ocrx_word' id='word_1_408' title='bbox 1150 4067 1229 4120; x_wconf 88' lang='lat' dir='ltr'><strong>esset,</strong></span> 
     </span>
     <span class='ocr_line' id='line_1_45' title="bbox 149 4082 1230 4254; baseline 0 -75"><span class='ocrx_word' id='word_1_409' title='bbox 149 4136 195 4191; x_wconf 90' lang='lat' dir='ltr'><strong>ut,</strong></span> <span class='ocrx_word' id='word_1_410' title='bbox 218 4148 267 4254; x_wconf 70' lang='lat' dir='ltr'><strong>qqs</strong></span> <span class='ocrx_word' id='word_1_411' title='bbox 295 4135 427 4200; x_wconf 85' lang='lat' dir='ltr'><strong>pecunias</strong></span> <span class='ocrx_word' id='word_1_412' title='bbox 445 4131 580 4197; x_wconf 81' lang='lat' dir='ltr'><strong>adferret,</strong></span> <span class='ocrx_word' id='word_1_413' title='bbox 600 4082 712 4189; x_wconf 68' lang='lat' dir='ltr'><strong>ennead</strong></span> <span class='ocrx_word' id='word_1_414' title='bbox 728 4133 829 4186; x_wconf 85' lang='lat' dir='ltr'><strong>montis</strong></span> <span class='ocrx_word' id='word_1_415' title='bbox 846 4128 950 4184; x_wconf 81' lang='lat' dir='ltr'><strong>radices</strong></span> <span class='ocrx_word' id='word_1_416' title='bbox 969 4131 1138 4194; x_wconf 85' lang='lat' dir='ltr'><strong>circumiret,</strong></span> <span class='ocrx_word' id='word_1_417' title='bbox 1156 4131 1230 4198; x_wconf 83' lang='lat' dir='ltr'><strong>ipse-</strong></span> 
     </span>
     <span class='ocr_line' id='line_1_46' title="bbox 147 4203 419 4272; baseline 0.022 -21"><span class='ocrx_word' id='word_1_418' title='bbox 147 4216 202 4272; x_wconf 88' lang='lat' dir='ltr'><strong>que</strong></span> <span class='ocrx_word' id='word_1_419' title='bbox 225 4217 242 4254; x_wconf 88' lang='lat' dir='ltr'><strong>a</strong></span> <span class='ocrx_word' id='word_1_420' title='bbox 276 4203 339 4256; x_wconf 87' lang='lat' dir='ltr'><strong>iilos</strong></span> <span class='ocrx_word' id='word_1_421' title='bbox 357 4203 419 4258; x_wconf 88' lang='lat' dir='ltr'><strong>iret.</strong></span> 
     </span>
    </p>
   </div>
   <div class='ocr_carea' id='block_1_5' title="bbox 0 0 1560 4950">
    <p class='ocr_par' dir='ltr' id='par_1_5' title="bbox 0 0 1560 4950">
     <span class='ocr_line' id='line_1_47' title="bbox 0 0 1560 4950; baseline 0 6"><span class='ocrx_word' id='word_1_422' title='bbox 0 0 1560 4950; x_wconf 95' lang='lat' dir='ltr'><strong> </strong></span> 
     </span>
    </p>
   </div>
  </div>
 </body>
</html>
