3109 4950
481 289 788 383 ¹ursnoauauu
816 295 930 366 uae
1206 301 1266 387 99

184 442 384 511 ἰπιπλεῖστον
401 430 553 529 duritiae,
573 446 759 511 κατέκλυσεν
780 444 822 511 τά
831 447 993 533 παράκτια
1003 450 1066 517 τάν
1082 449 1269 537 οἰκημάτων,
1275 472 1305 525 Δ.
1316 472 1346 524 c.
1360 438 1414 542 bii

183 541 239 611 ιιιιδ
256 542 438 628 διέφθειρεν
455 541 565 617 adroic
583 542 727 629 χρήμασι
741 545 798 611 καὶ
811 544 1009 634 άνδράποις·
1031 546 1117 615 τότε
1136 545 1324 634 μέγεθοςιι
1335 546 1371 601 ²⁸

185 642 244 705 rori
269 642 435 724 βρασμοῦ,
454 642 593 716 ἐξαίσιον
619 636 685 709 οἷον
704 646 923 728 γεγενημένον,
943 643 1005 729 τά,
1023 644 1103 713 ἔνθα
1119 647 1176 714 οὖν
1194 652 1271 733 ἐνῆν

186 737 427 827 άναρῥιχοῖσθαι
448 736 482 805 τό
505 738 632 827 ῥόθιον,
653 736 777 807 ἅπαντα
799 739 911 831 ἔρριψε
932 748 989 809 καὶ
1011 750 1192 829 κατέβαλεν.
1230 750 1272 813 ά-

164 838 352 907 5πολάλαοι
368 840 403 905 δὲ
419 837 523 923 χόδην
539 836 654 922 σχεδόν
671 864 704 903 τι
719 835 855 918 άπαντες
865 840 896 908 οἱ
911 835 1006 909 άστοδ
1014 895 1026 925 ,
1041 843 1101 911 εἴτε
1117 848 1152 911 ε’ν
1175 846 1273 932 ἱεροῖς

186 937 358 1021 ἐτύγχανον
383 934 594 1023 πεφευγότες,
614 935 675 1002 εἴτε
705 936 761 1005 καί
776 937 857 1005 οἴκοι
876 941 1075 1024 διαιτώμενοι
1092 994 1103 1024 ,
1131 942 1195 1009 εἴτε
1218 944 1274 1009 καὶ

188 1028 302 1103 ἄλλοσέ
320 1056 374 1099 ποι
391 1036 634 1120 ξυνειλημμένοι.
656 1037 729 1117 ἐμοὶ
748 1040 825 1120 γοῦν
842 1040 878 1104 ἐκ
891 1042 949 1123 τῆς
974 1032 1183 1128 ’.Αλεξάνδρου
1205 1038 1268 1106 aiud

185 1133 241 1201 τόν
258 1131 355 1201 αὐτόν
373 1132 490 1221 χρόνον
514 1129 595 1200 κατά
616 1130 653 1198 τό
669 1134 846 1213 Βυζάντιον
866 1130 1142 1228 άνακομιζομένῳ,
1160 1142 1217 1207 καί
1232 1142 1268 1205 ἐν

185 1235 262 1320 ,τῇδε
276 1234 314 1321 τῇ
328 1230 422 1320 ιη’σῳ,
443 1226 522 1298 οὕτω
541 1228 726 1316 παρασχὸν,
749 1234 799 1319 (ἓν
813 1233 966 1324 παράπλῳ
981 1236 1041 1322 γάρ
1059 1242 1190 1326 aeirus)
1207 1254 1295 1309 sto-c

150 1329 341 1417 ιστάρανει,
363 1329 486 1415 οἰκτρόν
501 1352 533 1395 τι
551 1332 688 1416 πέφηνεν
704 1332 830 1413 θέαμα,
851 1334 907 1397 καί
924 1332 1034 1399 ὁποῖον
1053 1336 1111 1403 οὐκ
1129 1332 1170 1403 άν
1190 1338 1272 1403 άπε-

187 1428 336 1515 χράντως
354 1423 533 1513 δπυγράψυι
557 1425 690 1512 όλόγος.
731 1425 817 1494 ἅπαν
841 1434 902 1511 μὲν
917 1428 978 1517 γάρ
998 1427 1035 1497 τό
1055 1424 1133 1499 άστυ
1158 1430 1273 1518 σχεδόν

189 1550 252 1591 που
266 1527 361 1611 χῶμά
378 1550 413 1610 γε
428 1520 470 1612 ἧν
485 1525 539 1593 ἐπὶ
549 1529 631 1611 μέγα
644 1527 799 1612 ἠρμένον,
819 1530 876 1593 καὶ
890 1530 977 1593 λάθοι
995 1532 1133 1613 κείμενοι
1152 1530 1274 1617 σπορά-

190 1626 265 1710 δην,
286 1620 398 1691 κιόνων
412 1648 446 1689 τε
465 1624 572 1711 τράφη
605 1624 661 1690 καὶ
680 1616 782 1703 iiiior
796 1624 1006 1709 κατεαγότων,
1026 1627 1082 1693 καί
1099 1626 1185 1705 κόνις
1197 1635 1274 1693 πσλ-

187 1720 227 1809 λῆ
249 1718 387 1808 ὕπερθεν
406 1727 565 1811 φερομένη
583 1728 639 1790 καί
659 1724 896 1809 ἐπηλυγάζουσα
919 1723 975 1790 τόν
991 1727 1088 1813 depo,
1129 1726 1172 1804 ὥς
1192 1732 1275 1813 μηδὲ

151 1821 270 1900 ὶὸαότό
288 1845 349 1885 που
373 1818 413 1885 τά
434 1824 498 1886 τῶν
528 1817 701 1909 λεωφόρων
727 1826 833 1908 χωρία
853 1822 969 1911 ῥηιδίως
992 1825 1274 1909 διαγινώσκεσθαι,

189 1916 268 2004 πλην
306 1914 378 1984 ὅσον
398 1922 583 2006 ὑπονοῆσαι
626 1914 714 2003 όλίγα
741 1922 776 1985 δὲ
800 1915 879 1987 dara
920 1921 1065 2004 δωμάτια
1092 1922 1273 2011 εἱστήκεσαν

190 2019 301 2104 ἀπαθῆ
309 2070 319 2101 ,
339 2020 508 2084 καὶταῦτα
537 2019 598 2101 οὐχ
619 2013 679 2083 ὅσα
702 2018 817 2107 τιτάνῳ
843 2016 942 2103 τυχόν
959 2020 1015 2085 καί
1028 2024 1108 2112 λίθῳ
1126 2024 1181 2089 καί
1193 2022 1272 2089 ταό-

188 2144 226 2203 τῃ
248 2116 287 2201 δὴ
317 2119 353 2205 τῇ
379 2119 628 2205 στερεμνιωτέρφ
654 2115 851 2200 καὶμᾶλλον
872 2123 997 2207 μονίμῳ
1021 2120 1102 2185 κατά
1125 2118 1162 2186 τό
1188 2121 1273 2199 εἰκός

189 2214 250 2306 δι’λη
267 2219 462 2303 ἐξείργαστο,
491 2212 573 2297 μόνα
594 2218 630 2281 δὲ
650 2212 691 2279 τά
715 2218 749 2281 εἰι
771 2215 905 2282 πλίνθου
922 2216 1071 2302 άπδφθυυ
1090 2217 1146 2283 καί
1170 2224 1272 2305 πηλοῦ

262 2336 291 2388 5.
308 2330 340 2386 di
355 2350 408 2387 om.
422 2335 454 2391 R.
524 2350 550 2403 η.
564 2331 672 2416 ἄλλοσέἱ
681 2348 734 2385 ποι
750 2335 779 2385 lt.
791 2333 913 2403 etbugd.
927 2352 951 2387 a.
963 2350 1010 2395 m,
1025 2333 1131 2388 ἄλλοσέ
1142 2352 1182 2402 πη
1201 2339 1248 2389 vul
1266 2377 1273 2392 .

261 2406 285 2459 Β.
294 2401 402 2527 χρόνον
417 2421 468 2455 om.
483 2402 538 2455 Par.
594 2421 631 2455 ιι.
643 2419 675 2455 το
691 2398 762 2455 doru
779 2406 926 2471 σχ.π.1λ.,
943 2413 987 2471 σχ.
999 2420 1063 2461 rua.
1073 2404 1180 2478 dvulg.
1234 2356 1274 2479 id,

209 2503 213 2508 ·
261 2474 321 2546 μηδ
347 2477 387 2538 lt,
399 2475 482 2548 lntpr.
501 2490 535 2526 ne
552 2475 609 2536 vel,
621 2470 712 2544 μηδὲν
725 2475 797 2543 vulg.
851 2473 926 2528 rect
939 2471 1001 2527 add.
1014 2477 1045 2533 ll.
1063 2477 1184 2548 etbugd.
1196 2496 1274 2542 am,

209 2593 212 2600 ⁴
262 2545 421 2614 deestvulg.
495 2561 533 2612 ¹9·
550 2541 606 2595 δπέ
630 2544 827 2596 δουλιιὼειῐλ.
844 2561 905 2596 eum
917 2545 998 2614 vulg,
1016 2561 1105 2616 neque
1122 2549 1152 2601 id
1170 2557 1274 2602 mutare

255 2609 341 2668 'ausus
357 2631 431 2678 sum,
448 2614 500 2666 etsi
513 2615 559 2665 vix
572 2561 669 2667 dubito
684 2611 889 2666 rescribendum
901 2631 959 2666 esse
973 2615 1119 2685 άνίφδου;
1138 2635 1221 2690 quum
1236 2621 1273 2671 il-

261 2687 311 2738 lud
336 2685 453 2736 alterum
478 2683 508 2736 id
533 2685 608 2753 quod
625 2683 764 2738 decoctum
782 2693 824 2736 est
843 2685 992 2754 significet,
1018 2685 1132 2739 mudum
1151 2689 1273 2747 minime.

264 2757 331 2812 Ταῖς
349 2753 449 2812 ὀπταῖς
456 2755 591 2812 πλίνθοις
611 2763 788 2825 opponuntur
810 2751 894 2825 ω’μιιί,
916 2755 991 2825 quod
1008 2758 1171 2811 vocabulum
1186 2777 1271 2829 quum

262 2828 352 2878 nescia
372 2843 425 2896 qua
442 2826 549 2878 ratione
570 2832 659 2877 motus
675 2841 777 2894 ponere
788 2824 1023 2894 nolletlgatbias,
1040 2827 1168 2882 άνοπτον
1182 2839 1273 2883 autem

263 2913 319 2948 rem
342 2896 425 2964 plane
450 2896 583 2948 diversam
601 2896 781 2964 significaret,
813 2896 986 2955 occurrebat,
1013 2893 1045 2950 τδ
1070 2895 1152 2969 ιδμδν
1173 2900 1272 2952 itidem

262 2969 428 3019 contrarium
453 2982 511 3018 esre
537 2962 574 3032 τῷ
604 2962 695 3034 iperi.
730 2963 827 3036 Neque
853 2982 903 3033 ego
919 2967 1027 3018 nescius
1046 2971 1123 3031 suni,
1140 2959 1273 3038 άνεφδδν

260 3053 316 3089 non
346 3053 375 3088 re
395 3036 461 3119 eriq'
484 3037 514 3086 in
527 3034 622 3086 lexicis
662 3035 830 3087 lossariisve:
855 3034 909 3088 boc
923 3042 1024 3109 ¹tamen
1045 3039 1135 3090 minus
1162 3033 1276 3091 moveor

259 3108 290 3158 in
307 3055 437 3176 Agadia:
465 3104 536 3157 illud
563 3053 685 3166 attendo,
711 3103 855 3169 ἄπεπτον,
875 3105 949 3174 quod
966 3122 1051 3156 unum
1068 3107 1273 3166 rescribendum

259 3183 382 3240 restaret,
399 3177 528 3229 remotius
546 3175 684 3244 avulgata
700 3175 819 3228 lectione
832 3191 900 3238 esse,
912 3177 1059 3244 minusque
1078 3185 1180 3246 aptum.

192 3279 261 3333 rules
277 3281 401 3350 proluvie
420 3278 521 3340 obruit,
539 3293 650 3350 unaque
667 3293 728 3329 eum
743 3278 961 3348 possessionibus
980 3277 1191 3352 hominibusque
1205 3281 1271 3350 ipsis
1371 3289 1377 3296 '

193 3350 363 3422 disperdidit
400 3347 585 3402 successionis
612 3350 693 3402 etiam
715 3347 872 3418 magnitudo
900 3350 1016 3402 immane
1037 3357 1169 3420 quamum
1192 3352 1272 3416 facta,

193 3422 241 3472 ubi
258 3423 362 3492 fragosa
380 3421 428 3474 illa
446 3421 486 3472 vis
506 3427 593 3472 terrae
613 3419 717 3470 inclusa
735 3435 784 3488 per
803 3417 942 3488 superiora
959 3436 1100 3490 erumpere
1116 3438 1173 3472 non
1190 3430 1272 3489 pote-

192 3499 249 3554 rat,
275 3492 366 3544 omnia
392 3489 539 3560 proruebat
563 3507 594 3541 re
623 3490 820 3559 prosternebat⁴
862 3489 1003 3543 Perierunt
1028 3507 1091 3543 vero
1119 3491 1271 3558 promiscue

192 3578 285 3614 omnes
298 3561 493 3631 propemodum
511 3560 652 3630 oppidani,
670 3561 726 3610 sive
743 3559 778 3612 ad
791 3560 894 3628 templa
912 3561 1105 3632 confugerent,
1125 3563 1181 3613 sire
1197 3557 1271 3617 dorni

153 3639 158 3648 “
191 3647 221 3686 οε
240 3633 427 3694 continerent,
453 3632 510 3682 sire
536 3631 619 3682 alium
645 3631 763 3700 aliquem
784 3630 814 3681 in
838 3629 928 3686 locum
958 3631 1154 3684 convenissent
1199 3631 1272 3685 blibi

192 3710 264 3755 certe
282 3702 333 3754 sub
352 3700 424 3753 idern
441 3709 548 3770 tempus
568 3699 733 3752 Alexandria
752 3701 910 3767 Byzantium
930 3702 1095 3762 revertenti,
1120 3707 1148 3750 et
1164 3701 1194 3753 in
1211 3720 1273 3755 eam

191 3773 317 3832 insulam,
336 3773 477 3824 occasione
497 3773 536 3822 ita
555 3771 669 3834 ferente,
686 3769 727 3891 Sin
742 3772 857 3822 traiectu
872 3774 945 3824 enirn
960 3773 1012 3824 sita
1026 3769 1087 3840 est,)
1098 3769 1197 3836 delato,
1217 3777 1271 3824 mi-

192 3842 309 3894 serabile
327 3842 464 3912 quoddam
485 3842 669 3910 spectaculum
701 3841 756 3903 uit,
780 3838 908 3912 quodque
927 3844 993 3893 satis
1011 3841 1101 3892 verbis
1119 3846 1271 3911 exprimere

191 3927 248 3964 uon
265 3915 374 3981 possim.
410 3912 570 3964 Universum
588 3912 662 3963 enim
675 3911 870 3979 propemodum
898 3909 1029 3980 oppidum
1045 3912 1165 3963 tumulus
1183 3922 1273 3967 terrac

192 3983 297 4034 eratin
316 3984 428 4052 longum
448 3989 604 4050 porrectus,
624 3989 651 4033 et
669 3997 732 4032 saxa
752 3980 865 4050 sparsim
881 3980 1016 4045 iacentia,
1041 3989 1070 4034 et
1087 3983 1273 4035 columnarum

191 4053 384 4126 lignorumque
403 4060 544 4122 ruptorum
562 4051 719 4120 fragmenta,
737 4057 765 4100 et
779 4049 897 4118 pulveris
915 4050 1046 4103 tartaris
1066 4067 1182 4123 superne
1198 4055 1272 4104 lere-

190 4121 273 4177 batur
306 4129 397 4176 aereus
428 4121 591 4181 obscurans,
622 4127 653 4170 ut
679 4133 730 4170 nee
759 4118 835 4186 ipsae
862 4120 1012 4188 platearum
1043 4123 1167 4192 regiones
1192 4121 1273 4173 facile

193 4194 302 4263 agnosci
320 4199 449 4264 possent:
469 4193 587 4244 ceterum
600 4195 731 4260 quantum
741 4188 848 4260 percipi
865 4197 984 4262 poterat,
1001 4193 1133 4265 pauculae
1141 4191 1274 4265 quaedam
