3109 4950
486 343 768 410 uuronmaun
788 298 837 410 r.
859 347 909 418 ιο.
1150 317 1241 408 3ι3·

160 506 242 577 ἑλεῖν
262 512 425 594 δυνηθεῖεν
440 506 700 590 ἀπαγγελοῦντας.
722 504 807 574 οῦτοι
826 513 860 575 τὲ
881 507 1009 574 διετέλει
1028 506 1141 570 ἕκαστα
1159 522 1314 589 νυνι-Μ.
1326 522 1376 582 558

156 607 302 691 ματεύων
322 610 377 672 καί
396 603 620 686 όιανοοόμενος
641 606 754 684 νυκτός
774 610 810 672 δὲ
829 606 1068 692 ἐπιγιγνομένης,
1089 595 1257 689 φρυκτιο-Ι
1271 595 1292 645 ¹·
1304 599 1337 648 ³²
1417 665 1422 685 ,

155 709 228 792 ρίας
246 701 364 789 ἀνῆπτε
383 701 499 779 πολλάς
518 702 573 768 ἐπὶ
588 708 669 787 μέγα
687 707 745 770 τοῦ
764 707 872 771 πεδίου
893 703 1152 784 σκεδαννυμόνας,
1181 695 1326 767 λναΜ61

157 801 196 889 δη
219 802 248 868 oi
267 794 410 883 πολὲμιοι
429 797 561 888 όριῦντες
580 804 716 887 οἰηθεῖεν
734 808 882 887 μέγιστον
910 800 991 868 εἶναι
1019 798 1055 862 τό
1084 797 1235 885 στράτευ-

136 913 222 983 5μα,
242 912 313 977 ταῖς
331 908 448 985 πυραῖς
468 900 726 985 ἀναμετροῦντες
754 901 809 965 καί
828 902 933 967 τοίνυν
964 895 1046 963 οῦτοι
1068 896 1108 981 δὴ
1129 889 1233 986 ᾤοντο,

154 999 212 1064 καί
238 997 375 1074 δεδιότες
400 999 548 1083 ἠρέμουν.
576 997 655 1083 ἀτάρ
678 999 736 1062 οῦκ
763 1002 962 1065 ἕπιιτλείστον
987 1005 1057 1074 ταῖς
1076 993 1234 1070 τοιαύταις

152 1093 289 1174 ἀπάταις
309 1097 665 1183 καταστρατηγοόμενοι,
697 1098 836 1182 ἡσυχίαν
866 1092 949 1182 ἦγον·
982 1094 1152 1182 ἠκηκόεσαν
1172 1090 1232 1180 γάρ

153 1190 217 1282 ἤδη
237 1198 282 1274 ιός
301 1195 464 1280 ἐλάχιστος
488 1193 537 1280 εἴη
567 1194 665 1260 ituit·
680 1192 845 1278 Ῥωμαιλον
866 1197 1018 1282 στρατός,
1051 1193 1105 1259 καί
1123 1188 1233 1278 ἣκιστα

154 1291 263 1371 oritate
282 1296 466 1378 ἀξιόμαχος·
500 1291 589 1379 πλὴν
606 1295 675 1359 ἀλλ’
701 1293 730 1359 oi
756 1299 947 1382 στρατιῶται
976 1296 1089 1379 πολλῆς
1116 1291 1234 1377 εἴχοντο

116 1399 347 1482 ιοπρσθυμίοις,
368 1398 629 1483 περιφρονοῦντες
648 1398 708 1476 μὲν
724 1393 799 1472 τοῦς
820 1396 1028 1477 ἀντιπάλους,
1050 1395 1080 1458 εἰ
1099 1394 1154 1456 καί
1170 1415 1235 1474 μυ-

153 1494 220 1581 ρίοι
239 1489 577 1580 όσοι-ἐπιφοιτήσαιεν,
605 1495 645 1579 τῇ
675 1497 812 1583 σφετέρη
841 1498 876 1560 δὲ
906 1491 999 1582 ἀρετῇ
1019 1492 1159 1576 μάλιστα
1178 1515 1235 1554 πε-

153 1591 316 1674 ποιθότες,
345 1588 403 1656 sita
424 1589 462 1676 όν)
481 1592 636 1672 Ῥωμαῖοί
650 1615 686 1674 γε
713 1584 815 1674 όντες,
842 1592 897 1658 καί
915 1591 1059 1680 ἐμπειρίᾳ
1087 1590 1257 1674 peretum
1281 1606 1284 1614 ’

150 1683 214 1776 ἤδη
244 1687 395 1755 κινόόνοεν
414 1687 452 1755 rei
473 1691 608 1771 πολέμια
628 1690 891 1774 ἐκμελετήσαντες.
929 1686 1177 1771 συναισθόμενος
1198 1690 1234 1754 δὲ

152 1787 170 1851 ό
191 1789 380 1875 Βελισόρισς
398 1792 456 1875 τῆς
475 1792 539 1854 τεῦν
559 1791 685 1873 ἀνδρῶν
703 1789 993 1878 μεγαλοφροσύνης,
1014 1784 1142 1875 καίόρι,
1162 1811 1233 1870 μει-

114 1885 251 1964 ι5ζόνως
277 1879 355 1973 ἤπερ
384 1889 482 1973 ἐχρῆν
508 1884 564 1952 ε’πί
589 1896 656 1963 τοῖς
684 1886 831 1974 φθάσασι
861 1887 968 1966 πόνοις
995 1886 1232 1975 βρενθυόμενοι,
1280 1967 1298 1982 .

150 1990 214 2052 τῦν
243 1989 280 2052 ἐν
298 1984 376 2053 ποσί
402 1988 681 2072 κατολνχιοροῦσιν,
706 1987 820 2052 ε’όεόίει
846 1985 966 2072 μήποτε
994 1980 1056 2074 ἀρα
1087 1987 1235 2052 ἐντεῦθεν

150 2083 304 2168 μεγίστην
330 2083 530 2171 εῦρυχωρίαν
558 2092 627 2160 ταῖς
646 2084 751 2149 ἐλπίσι
776 2085 985 2169 παράσχοιεν,
1021 2080 1236 2171 παρεισδῦναί

150 2207 187 2248 τε
214 2181 331 2258 αῦτοός
355 2181 411 2246 καί
438 2179 568 2266 ἀπάγειν
593 2177 666 2248 όποι
694 2187 750 2248 καὶ
776 2183 942 2268 βούλονται
970 2187 1013 2272 τῷ
1042 2181 1152 2270 ῥᾳδίας
1179 2179 1235 2244 καί

148 2292 321 2369 προσηνεῖς
337 2281 527 2369 ἀποφαίνειν
547 2278 604 2357 τάς
620 2285 691 2347 τεόν·
705 2283 940 2369 ἐγχειρημάτων
962 2279 1112 2366 ἐκβάσεις.
1133 2277 1176 2357 οῦς
1193 2271 1233 2343 ἀν

103 2374 202 2448 νοοῦν
210 2378 263 2464 μὴ
274 2376 460 2446 οὕτωτοῦτο
471 2386 636 2465 σνμβοιῖεν,
647 2372 798 2468 ἤθροισεν
806 2377 944 2458 ἅπαντας
959 2383 991 2457 ἐς
1007 2378 1116 2463 τοῦτό,
1128 2375 1231 2466 ὥσπερ

142 2471 204 2567 ἤδη
231 2483 289 2545 τοῦ
303 2480 422 2565 ἀγῶνος
434 2481 647 2568 ἐφεστηκότος
657 2482 713 2546 καί
727 2481 838 2569 φανείς
851 2484 885 2559 ἐς·
894 2484 1001 2564 μέσον,
1016 2478 1100 2559 ἔλεξε
1114 2482 1257 2547 foretne

214 2597 545 2669 ..duoyysllorirwell
595 2620 634 2655 ra.
645 2603 695 2654 Pro
728 2606 780 2655 ell.
791 2618 829 2656 τε.
879 2601 1233 2659 sindroscombuiisr.

211 2670 423 2741 βρενθύεσθαι.
531 2688 569 2740 17.
590 2685 697 2741 παρεισ
716 2676 800 2727 οῦναι
818 2676 866 2739 Pe,
889 2670 1080 2746 παρεισόήναι
1099 2671 1157 2744 sph.
1177 2671 1233 2722 Par.

212 2759 266 2796 πο.
284 2734 337 2795 οῦν
355 2757 407 2791 orn.
430 2741 463 2791 R.
556 2748 713 2812 συμβαῖνον
730 2746 761 2804 lt.
887 2763 933 2801 τι.
950 2741 1138 2817 ἐφεστηκότος
1154 2743 1183 2793 R.
1206 2748 1235 2795 et

212 2814 307 2883 lntpr.
325 2810 493 2873 imminente,
509 2814 718 2878 καθεστηκότος
734 2814 805 2886 vulg.

140 2938 257 3003 posset,
282 2936 311 2980 et
328 2930 546 2991 dinumerarent,
566 2937 595 2981 et
619 2932 729 3003 siquid
749 2934 825 2985 aliud
844 2937 940 2987 rescire
960 2940 1079 3003 possent,
1089 2930 1232 2984 renuntia-

143 3012 231 3055 rent:
263 3017 349 3069 eoque
374 3002 404 3051 in
429 3008 500 3051 statu
520 3002 630 3062 mansit,
659 3004 765 3073 singula
791 3007 928 3071 pensitans
949 3010 1056 3054 etcum
1073 3005 1164 3052 animo
1183 3018 1232 3051 suo

145 3074 313 3133 revolvens,
339 3071 495 3139 multosque
512 3071 542 3121 in
560 3071 679 3140 speculis
705 3074 786 3143 longe
810 3074 920 3142 lateque
941 3088 1106 3141 peregrum
1133 3071 1232 3138 sparsis

148 3139 387 3213 ignesnccendit,
412 3149 444 3192 ut
461 3140 553 3193 hostes
578 3158 625 3192 cos
644 3144 803 3213 conspicati,
830 3143 976 3193 maximum
1003 3158 1060 3193 esse
1084 3140 1233 3191 exercitum

146 3220 293 3284 putarent,
318 3228 351 3263 ex
376 3211 481 3281 ignium
507 3228 681 3263 accensorum
708 3213 886 3265 multitudine
914 3228 975 3263 eum
1000 3214 1153 3262 metientes.
1197 3210 1233 3261 Et

148 3283 264 3355 quidem
281 3284 319 3333 ita
341 3282 423 3350 plane
447 3280 601 3350 putabant,
619 3283 738 3354 ideoque
756 3290 909 3335 metuentes
929 3282 993 3343 sibi,
1018 3282 1106 3351 quieti
1127 3278 1231 3330 substi-

146 3362 252 3405 terunt.
289 3353 415 3404 Ceterum
439 3369 495 3403 non
520 3351 623 3403 dudum
645 3353 698 3405 hoc
726 3354 838 3406 militari
867 3361 926 3404 astu
952 3352 1021 3404 elusi
1040 3352 1229 3421 conquierunt.

144 3423 300 3475 Audierant
316 3424 389 3473 euim
404 3424 459 3473 iam
477 3439 558 3492 qnam
569 3424 713 3474 minimum
731 3440 790 3475 esse
804 3426 951 3475 Romanum
965 3422 1121 3482 exercitum,
1139 3436 1230 3501 neque

143 3508 252 3561 parem,
271 3493 318 3562 qui
337 3510 397 3542 cum
415 3493 482 3561 ipsis
500 3494 606 3562 proelio
628 3492 773 3545 decernere
792 3502 890 3563 posset.
926 3492 1050 3545 Belisarii
1065 3491 1166 3541 milites
1186 3505 1231 3539 rn-

144 3572 225 3613 terea
244 3561 321 3613 valde
340 3570 419 3613 erant
438 3564 557 3627 alacres,
584 3564 742 3632 hostemque
768 3564 995 3626 contemnebant,
1019 3562 1125 3613 etiamsi
1143 3560 1230 3611 maxi-

144 3630 200 3683 mis
225 3631 309 3697 copiis
331 3632 360 3683 in
393 3648 423 3683 se
448 3634 581 3701 impeturn
611 3634 725 3701 iaceret3
757 3636 859 3687 virtute
891 3653 938 3685 sua
962 3634 1063 3685 bellica
1084 3632 1230 3699 praecipue
1302 3664 1304 3671 ι

144 3699 229 3761 freti,
249 3704 353 3770 quippe
367 3702 442 3772 quod
458 3704 571 3755 Romani
594 3713 701 3767 essent,
725 3711 756 3757 et
781 3706 957 3757 maximorum
981 3702 1162 3773 periculorum
1181 3718 1230 3753 ex-

141 3769 285 3842 perientia
304 3771 334 3821 in
353 3788 382 3823 re
406 3773 506 3825 bellica
525 3776 748 3827 exercitatissimi.
785 3776 929 3827 belisarius
947 3791 1021 3835 vero,
1045 3769 1231 3823 animadversa

142 3842 197 3893 illa
212 3840 362 3891 animorum
378 3842 513 3906 elatione,
530 3842 658 3914 quodque
671 3848 757 3913 magis
777 3863 860 3917 quam
874 3850 1012 3915 oporteret
1028 3843 1061 3895 de
1075 3842 1229 3912 praeteritis

141 3910 290 3963 laboribus
317 3912 480 3980 gloriantes,
497 3917 649 3982 praesentia
671 3926 890 3979 contemnerent,
913 3914 1066 3975 verebatur,
1088 3930 1122 3965 ne
1145 3912 1228 3964 nimis

142 3985 204 4034 suis
224 3998 235 4032 s
256 3980 323 4032 ebus
336 3980 456 4033 habenas
468 3984 601 4047 laxarent,
619 4003 690 4054 qnae
708 3988 784 4055 ipsos
806 3996 969 4039 transversos
983 4000 1145 4055 quocunque
1169 3982 1228 4033 vel-

140 4052 208 4105 lent
272 4053 393 4120 'perent,
411 4069 444 4104 eo
463 4052 537 4122 quod
554 4055 647 4106 faciles
666 4055 810 4107 admodum
826 4074 925 4118 rerum,
943 4073 1008 4125 quas
1032 4052 1228 4125 aggredieban-

141 4129 201 4186 tur,
224 4132 335 4175 eventus
351 4122 406 4175 sibi
435 4122 588 4193 fingebantr
606 4124 681 4194 qnod
695 4123 806 4196 quidem
827 4144 861 4177 ne
880 4128 919 4177 itu
939 4127 1060 4179 eveniret
1076 4163 1083 4183 .
1102 4122 1228 4175 omnibus

142 4194 176 4243 in
188 4208 275 4244 unum
286 4196 406 4257 coactis,
424 4194 510 4245 veluti
529 4196 635 4262 proelio
656 4197 902 4260 iam·imminentc‚
915 4198 1016 4268 ipsein
1028 4194 1147 4251 medium
1163 4207 1228 4262 pro·

143 4278 268 4331 gressus,
286 4265 316 4317 ln
323 4264 404 4321 nune
415 4264 527 4318 modum
537 4265 620 4321 verba
631 4266 715 4320 fecit.-
