3109 4950
491 324 784 407 maronianum
812 344 867 406 ιιι.
892 350 946 416 22
1174 312 1252 428 187

181 492 391 579 τῶνΠερσάν
408 484 606 579 ἀφῃρῆσθαι·
625 482 721 558 αὗται
739 491 778 577 δὴ
799 486 856 558 οὖν
873 492 909 559 αῖ
925 492 1148 581 τριακόντοροι,
1169 489 1293 565 ‹inti-A)
1304 510 1333 563 c.
1350 510 1401 566 555

170 620 228 669 τας
244 590 377 675 ἔχουσαι
394 588 549 673 Μήδους,
577 590 612 654 ἐν
633 591 676 677 τῷ
693 594 824 680 ποταμῷ
842 594 1064 675 ἐναυλοχοῦντο
1086 592 1250 667 καλωδίοις
1263 584 1364 675 1¹³9!

168 693 225 774 τῆς
239 692 296 773 γῆς
316 689 494 773 ἐξημμέναι.
515 684 627 764 νυκτός
649 690 684 753 δὲ
705 691 950 774 ἐπιλαβομένης,
973 688 1002 753 οἱ
1022 692 1081 770 μὲν
1095 682 1208 775 ἀνδρες
1222 691 1257 753 ἐν

169 784 281 862 αὐτοῖς
297 785 474 850 ἐκάθευδον
492 780 640 862 άπαντες·
660 789 717 851 rod
731 790 765 851 δὲ
780 788 842 873 ῥοῦ
864 790 980 852 πολλοῦ
994 790 1179 874 φερομένου,
1199 784 1256 850 καί

68 910 83 931 ⁵
147 883 209 953 5τά
228 888 386 966 πείσματα
411 887 614 961 διατείνοντος
641 888 680 971 τῇ
706 883 857 975 ἀπαγωγῇ
888 890 951 951 ταῖν
974 886 1134 968 ὁλκάδων,
1157 883 1256 971 ἀπορ-

170 982 321 1071 ρήγναται
337 986 377 1069 τῇ
391 985 452 1071 μιᾷ
469 980 485 1047 ὃ
500 980 611 1065 δεσμὸς
629 986 827 1079 ἐξαπιναίως·
848 979 963 1072 ἀφετον
980 989 1015 1051 δὲ
1033 982 1163 1070 αὖτῆνῆ
1186 984 1341 1071 δι’νηλλ.7ο
1428 1048 1432 1052 .
1521 1046 1524 1051 .

168 1084 311 1165 λαβοῦσα
335 1086 391 1145 καί
418 1084 609 1167 ἐλευθέραν,
641 1081 698 1147 καὶ
724 1077 797 1147 edre
819 1086 955 1170 εἰρεσίας
982 1080 1256 1168 ἀντιπραττούσης,

169 1174 242 1246 οὔτε
258 1179 413 1265 πηδαλίου
432 1176 569 1265 ἑτέρωθί
577 1206 636 1245 που
654 1183 828 1263 ῖθόνοντος,
849 1181 975 1266 κατάγει
989 1208 1055 1257 πως
1072 1180 1171 1266 αὐτὴν
1185 1178 1285 1260 ἀξό-Ῑ)

167 1306 251 1345 τατα
272 1284 304 1357 ἐς
325 1276 360 1345 τὸ
382 1280 508 1364 πρόσω,
545 1282 600 1343 καί
627 1280 830 1366 παραδίδωσι
853 1290 919 1357 τοῖς
941 1280 1029 1366 ἀμφὶ
1051 1281 1258 1365 Δαβραγὲζαν

82 1372 85 1377 ’
129 1378 354 1460 ιοῬωμαίοις.
389 1378 417 1441 οἱ
438 1380 473 1441 δὲ
502 1374 673 1460 ἐσιδόντες,
706 1372 835 1460 ἅσμενοι
863 1374 946 1444 εἶλον
968 1377 1005 1443 τὸ
1020 1379 1170 1464 θήραμα,
1203 1376 1260 1443 καί

169 1479 370 1562 ἐπετέρποντο
384 1480 423 1563 τῇ
438 1477 605 1565 ξυντυχίρι,
628 1471 679 1542 ότι
692 1500 727 1560 γε
748 1478 857 1553 αὐτοῖς
877 1472 933 1562 ἥδε
954 1476 974 1562 ἦ
994 1481 1072 1554 ναῦς
1091 1475 1161 1561 κενὴ
1179 1471 1256 1562 πρό-

168 1597 258 1661 τερον
277 1574 475 1655 ἀπελθοῦσα,
497 1572 565 1639 τότε
583 1572 622 1659 δὴ
645 1576 771 1660 ἀνδρῶν
795 1573 957 1651 ἀνάπλεως
977 1578 1136 1661 ἐπανῆκεν.

251 1670 306 1755 κβ.
345 1667 395 1737 Ἐν
417 1670 516 1761 τούτῳ
536 1675 571 1748 δὲ
589 1670 605 1735 ὁ
628 1672 824 1759 Ναχοραγάν
844 1672 950 1762 ἁπάσῃ
966 1678 1003 1763 τῇ
1022 1674 1156 1755 δυνάμει
1174 1666 1255 1760 ἀρας

164 1772 203 1835 ’ἐκ
225 1774 281 1835 τοῦ
300 1774 528 1856 στρατοπέδου,
556 1774 600 1860 τῷ
618 1765 708 1837 άστει
725 1777 893 1856 ἐπέλαζεν,
926 1771 1198 1858 ἀκροβολίσαοθαί
1218 1798 1254 1837 τε

126 1870 386 1951 ,ξςβουλόμενος,ι
406 1872 461 1945 καί
483 1869 662 1955 ἀπόπειραν
689 1870 886 1955 ποιήσασθαι
915 1879 979 1938 τῶν
998 1871 1188 1954 Ῥωμαίων,
1221 1875 1252 1937 εἰ

168 1972 318 2044 ἐπεξίασι·
356 1972 452 2058 ταύτῃ
483 1995 520 2036 τε
547 1974 731 2057 σαφέστατα
761 1973 948 2054 διαγνῶναι,
988 1964 1072 2047 ὅπως
1101 1967 1187 2059 αάτῷ
1208 1974 1254 2047 εἰς

167 2062 281 2153 ἑτέραν
296 2064 335 2131 τά
352 2070 384 2143 ἐς
394 2067 450 2133 τόν
466 2066 601 2150 πόλεμον
616 2074 884 2154 παρασκευαστὲα.
905 2067 977 2133 τότε
995 2068 1032 2153 δὴ
1051 2063 1109 2133 οάν
1123 2068 1152 2133 οἱ
1162 2073 1253 2154 Πέρ-

165 2190 240 2245 σαι,
268 2164 375 2251 ἐπειδὴ
391 2170 424 2243 ἐς
450 2162 538 2245 τόξου
563 2165 660 2251 βολὴν
682 2167 840 2252 ἀφίκοντο,
865 2162 977 2232 αάτίκα
1000 2170 1081 2250 οἵγε,
1102 2170 1194 2230 τοῦτο
1211 2164 1250 2250 δὴ

146 2262 150 2269 “
165 2264 273 2339 αὐτοῖς
286 2261 322 2328 τό
340 2266 528 2348 εἰθισμένον,
545 2264 637 2347 θαμά
661 2263 893 2344 ἐπετοξάζοντο·
915 2267 1027 2329 πολλοί
1036 2289 1070 2329 τε
1087 2267 1151 2329 τοῖν
1171 2264 1251 2330 Ῥω-

119 2365 267 2444 ηομαίων
283 2368 476 2450 τρωθέντες,
507 2364 536 2429 οἱ
559 2368 620 2447 μὲν
644 2362 693 2431 ἔτι
716 2353 907 2446 ἀμυνόμενοι
928 2359 1078 2445 ἀντεῖχον,
1109 2360 1186 2433 ἔνιοι
1211 2364 1328 2441 diem

164 2464 220 2528 καί
240 2458 400 2547 ἀπόμαχοι
419 2464 585 2549 ἐγίγνοντο.
618 2453 770 2550 ’Ἀγγιλας
798 2464 834 2528 δὲ
865 2462 920 2527 καί
957 2460 1157 2544 Φιλομάθιος
1191 2464 1247 2527 καί

164 2563 227 2627 ταῖν
247 2564 329 2652 ἀμφ’
349 2559 466 2639 αὐτοὺς
481 2562 647 2649 ταγμάτων
671 2557 786 2650 ἀνδρες
804 2565 837 2638 ἒς
855 2565 1052 2642 διακοσίους,
1073 2563 1247 2627 καὶταῦτα

152 2664 386 2754 ’προειρημένον
402 2661 508 2752 άπάσῃ
530 2667 570 2751 τῇ
585 2667 717 2752 στρατιᾷ
735 2660 796 2726 ὑπὸ
811 2665 979 2749 Μαρτίνου
993 2663 1098 2743 με’νειν
1114 2663 1246 2725 ἕκαστον

234 2767 259 2816 3.
280 2765 327 2815 Pro
345 2762 393 2827 τῆς
413 2767 465 2834 γῆς
481 2768 509 2816 Il.
531 2767 615 2817 τιοὶν.
669 2767 693 2820 8.
712 2779 757 2816 πω
773 2767 802 2816 ll.
819 2781 869 2832 pro
885 2779 953 2820 που.
1023 2781 1048 2832 9.
1065 2755 1248 2834 Δαβραγίζαν

233 2835 262 2884 R.
286 2851 342 2886 aa.
361 2852 413 2897 ια,
436 2837 626 2906 Αυβραγέζοις
647 2855 667 2890 ι.
686 2853 738 2897 na,
757 2835 932 2888 Dabroeezee
948 2835 1041 2903 Intpr.,
1059 2832 1247 2903 Δαβραγιίζαν

232 2904 305 2974 vulg.
348 2923 388 2958 ιο.
405 2905 551 2964 ἐπιδόντες
569 2909 597 2956 R.
673 2924 710 2974 ¹9·
727 2901 809 2975 θαμά
828 2923 878 2956 om.
901 2907 930 2956 R.

160 2999 294 3068 iuquam,
318 3013 398 3050 naves
420 2997 554 3049 militibus
579 2999 664 3068 gravis
690 3004 841 3049 armaturae
868 3007 945 3050 erant
964 3000 1129 3061 instructae,
1162 3007 1245 3068 atque

159 3070 200 3119 lta
218 3069 381 3121 rudentibus
403 3068 437 3119 ad
454 3085 528 3119 oram
554 3070 701 3138 alligatae,
726 3077 808 3120 noctu
833 3086 898 3120 vero
924 3069 1123 3120 dormientibus
1148 3068 1177 3118 in
1205 3069 1245 3117 eis

163 3139 316 3202 universis,
340 3157 401 3190 curn
436 3147 525 3189 aestus
553 3139 647 3208 ingens
675 3147 745 3190 esset
769 3139 881 3190 obortus
910 3149 938 3190 et
958 3138 1086 3189 rudentes
1104 3135 1245 3190 distende-

163 3215 220 3270 ret,
245 3209 421 3279 depressione
439 3208 642 3279 agitationeque
662 3209 831 3278 navigiorum
848 3211 959 3261 alterius
984 3210 1092 3258 illarum
1106 3207 1245 3258 vinculum
1263 3241 1267 3246 ·

162 3288 273 3345 repente
312 3288 353 3331 est
391 3280 565 3349 disruptum
602 3295 684 3350 quam
714 3297 774 3330 cum
799 3287 894 3330 vortex
927 3279 1043 3330 solutam
1074 3277 1245 3345 liberamque

161 3349 323 3417 accepisset,
362 3365 453 3419 neque
493 3349 535 3399 illi
559 3348 605 3418 yel
631 3349 744 3418 remigio
769 3348 873 3412 obniti,
907 3348 952 3401 vel
983 3348 1165 3418 gubernaculo
1190 3346 1244 3398 ali-

162 3433 252 3468 orsum
273 3437 331 3470 eam
353 3420 469 3490 dirigere
490 3427 617 3487 possent,
637 3420 777 3487 abreptam
797 3419 967 3488 rapidissime
993 3419 1188 3490 celerrimeque
1208 3417 1267 3468 ad·

159 3489 302 3554 Romanos,
320 3491 420 3560 quibus
439 3489 606 3557 Dabragezas
623 3497 755 3559 praeerat,
775 3490 872 3553 defert,
891 3491 939 3560 qui
964 3488 1076 3560 quidem
1094 3506 1153 3540 eam
1175 3505 1243 3538 eon-

158 3558 281 3625 spicati,
310 3559 377 3612 laeti
406 3567 555 3630 ceperunt,
580 3561 770 3645 insperataque
797 3569 908 3628 captura
932 3567 996 3611 sunt
1029 3559 1142 3628 gravisi,
1168 3556 1247 3628 quod

156 3627 243 3691 navis,
263 3646 332 3698 qnae
351 3637 430 3682 antea
450 3647 532 3683 vacua
548 3628 582 3680 ab
604 3632 670 3699 ipsis
691 3630 806 3693 abierat,
823 3632 887 3682 viris
908 3632 990 3699 plena
1008 3628 1141 3680 rediisset.

230 3716 273 3752 aa.
309 3701 414 3753 Interea
432 3700 609 3768 Nachoragan
629 3719 689 3752 eum
709 3701 835 3752 universo
855 3702 975 3752 exercitu
994 3717 1008 3751 e
1024 3699 1117 3749 castris
1130 3713 1246 3749 movens·

137 3766 221 3818 ¹urbi
242 3771 490 3840 appropinquavit,
515 3769 653 3822 velitando
675 3779 702 3823 et
726 3771 871 3823 iaculando
893 3780 999 3823 tentare
1021 3771 1114 3818 volens
1141 3771 1243 3819 lloma-

155 3854 221 3900 nos,
238 3855 273 3888 an
298 3843 469 3907 eruptionem
490 3841 627 3906 facereut3
653 3857 740 3910 eaque
757 3842 864 3892 ratione
881 3838 1050 3910 apertissime
1072 3853 1246 3907 cognoscem

156 3925 213 3976 quo
231 3915 310 3976 paeto
328 3910 382 3961 sibi
400 3911 430 3960 in
457 3918 616 3979 sequentem
634 3911 707 3962 diem
725 3927 767 3962 res
784 3910 901 3962 bellicae
920 3907 1121 3979 praeparandae
1140 3918 1245 3961 essent:

154 3977 251 4029 Persae
278 3980 373 4050 itaque
399 3981 565 4048 simulatque
592 3978 627 4030 ad
653 3981 703 4032 teli
727 3982 831 4031 iactum
860 3987 1063 4050 pervenerunt,
1094 3980 1241 4032 confestim

152 4061 228 4098 more
246 4065 296 4100 suo
317 4051 456 4119 ingentem
478 4051 633 4116 sagittarum
650 4051 706 4099 vim
728 4051 873 4113 emittunt,
892 4051 1039 4118 multisque
1060 4051 1240 4102 Rornanorum

153 4117 321 4183 vulneratis,
346 4121 394 4170 alii
413 4119 525 4190 quidem
546 4118 635 4170 adhuc
652 4119 800 4187 pugnando
819 4120 997 4182 resistebant,
1014 4121 1062 4171 alii
1080 4136 1171 4189 pugna
1188 4135 1240 4168 ex-

155 4197 303 4244 cesserunt.
338 4189 450 4258 Augilas
476 4205 539 4240 vero
567 4196 596 4240 et
612 4187 809 4245 Philomathius
834 4198 916 4242 etex
939 4193 1059 4258 ipsorum
1085 4185 1238 4259 agminibus

152 4254 206 4310 viri
224 4259 346 4326 ducenti)
365 4259 474 4314 tametsi
494 4259 628 4314 Martinus
654 4259 779 4316 universo
800 4262 932 4314 exercitui
957 4263 1112 4332 imperarat,
1134 4264 1166 4309 ut
1189 4271 1238 4308 suo

1369 3614 1379 3638 l
1447 3643 1451 3651 ι
