3109 4950
357 320 442 408 256
798 345 1010 412 intrusae

210 521 277 577 xc.
291 523 344 578 555
437 502 492 587 κγ’.
524 496 607 568 Ὧδε
624 500 685 585 γάρ
699 503 762 566 τάν
787 501 820 563 ἐν
847 503 976 586 Λαζικῇ
1000 498 1192 584 πραγμάτων
1212 496 1362 582 ἑχόντων,
1382 503 1431 566 κατ’

244 596 530 672 Η·3οἸυυστι’νου
553 604 609 666 ε’πί
625 603 704 664 πᾶσι
723 603 902 684 στρατηγοῦ
922 599 1150 678 καταστάντος,
1171 590 1242 662 οὔτε
1263 596 1292 662 οἱ
1309 601 1428 683 Πέρσαι

353 703 397 780 ἀς
411 701 670 785 ἀναμαχούμενοι
690 697 974 785 παρεσκευάζοντο,
1007 696 1064 762 κατ’
1080 699 1187 779 μέντοι
1211 693 1285 764 riti
1304 697 1332 762 οἱ
1349 698 1429 764 Ῥω-

354 809 445 883 μαῖοι
466 798 620 886 ἀπῄεσαν·
649 792 730 862 ἀλλά
752 797 959 883 προφυλακάς
987 797 1050 877 μὲν
1067 789 1241 882 ἀμφότεραι
1261 797 1428 878 ἐποιοῦντο,

321 904 409 970 Duae*
433 897 473 963 τά
502 898 644 984 ἀλλήλοιν
669 892 873 980 βουλεύματα
898 896 931 970 ἒς
954 889 1028 962 ὅσον
1057 896 1131 976 ἐνῆν
1158 894 1357 985 ἀπεσκόπουν
1379 893 1446 963 καὶὸ

357 996 612 1064 διεπυνθάνοντο·
631 994 738 1079 μάχης
756 995 791 1058 δὲ
809 988 882 1058 οὐδὲ
900 993 1046 1080 ὁπότεροι
1067 985 1201 1078 ἤρχοντο
1207 1045 1217 1074 ,
1239 989 1308 1060 άλλ’
1327 993 1429 1075 ἔμενον

348 1098 464 1182 ἡσυχῇ·
478 1095 673 1176 αάτυμάτως,
682 1088 788 1177 οἵσπερ
799 1092 907 1173 ἀμέλει
919 1095 1015 1158 τοῦτο
1026 1094 1202 1174 ξυνδοκοῦν,
1218 1094 1429 1179 διωρισμένον.

351 1193 498 1280 Χοσράης
515 1196 552 1259 δὲ
569 1191 922 1280 insenescentem,
944 1189 1051 1276 ἐπειδη
1072 1194 1227 1256 ἐπέπυστο
1246 1189 1284 1254 τά
1305 1190 1427 1280 πρὸςτηῖ

350 1294 472 1360 Φάσιδι
490 1291 702 1378 ξυμβεβηκάτα
712 1343 722 1373 ,
742 1295 797 1356 κατ’
816 1284 864 1355 ὅτι
886 1289 988 1377 φυγάς
1004 1293 1039 1355 ἐκ
1058 1290 1113 1374 τῆς
1124 1291 1230 1375 μάχης
1247 1287 1264 1356 ά
1280 1299 1427 1376 Ναχορα-

348 1391 408 1478 μάν
422 1390 567 1478 ἐγεγόνει,
589 1391 704 1458 αάτάια
719 1395 753 1470 ἐξ
763 1387 903 1476 Ἰβηρίας
922 1389 1020 1456 ιιάτάν
1032 1390 1327 1473 μετακαλεσάμενος,
1348 1385 1461 1472 τάμά-ιο

349 1494 593 1576 ταταμττῆλδι
620 1488 699 1556 κατά
718 1487 774 1556 τὸν
802 1485 943 1573 πάτριον,
957 1486 1061 1568 νόμον.
1091 1487 1129 1551 οά
1156 1487 1217 1574 μάρ
1241 1484 1427 1572 ἀποχρῶσαν

349 1582 424 1677 ᾤετο
443 1583 525 1656 εἶναι
549 1586 662 1673 ποινὴν
679 1592 735 1672 τῆς
754 1587 928 1672 ἀνανδρίας
949 1583 985 1650 τὸ
1006 1581 1087 1652 οὕτω
1105 1589 1182 1670 γοῦν
1203 1585 1303 1652 αάτὸν
1324 1588 1427 1666 άπλάς

348 1691 540 1769 ἀποκτεῖναι,
561 1686 630 1751 ἀλλ’
651 1689 687 1751 ἐκ
715 1689 773 1750 τοῦ
796 1685 932 1768 ιιάχένος
948 1675 984 1748 τὸ
1008 1685 1325 1772 δὲρμα.διαχαράξας
1353 1679 1427 1752 ἀπέ-

255 1805 282 1859 Ρ.
291 1802 341 1864 133
349 1791 452 1874 διιρεν
469 1781 555 1852 ἀπαν
579 1787 677 1871 μέχρι
701 1794 770 1850 τοῖν
794 1786 919 1865 ποδοῖν,
949 1782 1004 1849 κατ’
1032 1785 1178 1870 ἀφειδετο
1210 1789 1274 1850 τάν
1302 1790 1427 1873 σαρκάν

347 1884 428 1974 πρὸς
443 1884 484 1950 τά
498 1883 588 1950 ἔνδον
602 1885 866 1969 ἀνεστραμμένον,
888 1878 931 1958 αἱς
948 1880 1086 1958 καίτοάς
1102 1882 1220 1958 τύπους
1234 1886 1295 1948 τῶν
1307 1885 1461 1972 μοράυνιὸ

346 1988 380 2062 ἀς
393 1976 570 2066 τοάμπαλιν
593 1977 849 2069 ἀποφαινεσθαι,
878 1979 933 2048 καί
946 1981 1033 2066 δίκην
1052 1976 1153 2046 ἀσκοῦ
1169 1983 1272 2068 ἠρέμα
1295 1971 1428 2066 ἔμπνευ-

345 2086 424 2152 σθὲν
443 2079 524 2168 ἀπὲρ
546 2078 696 2157 σκάλοπάς
711 2103 795 2156 τινος
812 2081 1019 2167 ἀνηρτῆσθαι,
1043 2080 1164 2166 οἰκτρόν
1183 2105 1215 2144 τι
1245 2082 1354 2164 θέαμα
1376 2081 1430 2146 κατ’

343 2180 564 2269 μιαρώτατον,
574 2183 631 2246 καὶ
644 2182 768 2270 πρώτην,
793 2175 897 2262 οἶμαι,
911 2178 1049 2266 Σαπάρη
1064 2180 1172 2268 ἐκεινῳ
1191 2184 1236 2269 τῷ
1254 2184 1358 2271 πολλῷ
1372 2181 1427 2265 ἐμ-

341 2286 483 2368 nowers
495 2277 642 2366 Χοσράου
659 2283 798 2365 Περσῶν
812 2275 1047 2366 βεβασιλευκότι
1061 2280 1297 2362 τετολμημένον.
1316 2279 1356 2344 τά
1368 2285 1428 2363 μὲν

344 2379 405 2466 γάρ
420 2377 475 2445 ἀντὶ
487 2376 635 2467 Μαρσάρ
655 2374 874 2463 θρυλλυάμενα
890 2378 935 2462 τῷ
948 2377 1069 2461 Φρυγὶ,
1098 2373 1224 2462 οδςέρίς
1240 2377 1327 2466 αὐτῷ
1348 2378 1465 2465 πρὸςπυ

344 2476 528 2547 Ἀπόλλωνα
555 2478 685 2560 ξυνέστη
704 2477 786 2562 ὑπὲρ
809 2477 873 2541 τῶν
899 2474 1004 2539 aiter
1020 2478 1076 2540 uui
1093 2476 1148 2560 τῆς
1169 2476 1336 2561 αάλητικῆς
1357 2481 1427 2544 ἐπι-

418 2652 440 2686 ι.
458 2628 578 2685 τῶνοιο.
596 2632 626 2681 a.
738 2630 763 2681 3.
784 2626 1032 2699 παρασκευάζοντα
1051 2630 1079 2679 li.
1207 2630 1245 2682 15.
1261 2629 1427 2704 δναστραμ.

416 2703 547 2773 perculi.
656 2701 694 2751 iti
706 2696 927 2767 ἀποφαίνεσθαι
941 2700 981 2761 lt,
997 2699 1292 2770 dneqalreddutvulg.
1391 2722 1429 2772 ¹7·

416 2771 490 2839 ὑπὲρ
505 2772 534 2821 lt
565 2777 593 2822 et
624 2770 707 2836 Intpr.
725 2784 821 2837 super,
844 2764 903 2819 δπά
924 2769 994 2838 vulg.
1103 2772 1141 2823 18.
1163 2768 1281 2843 Σαρἀρη
1306 2775 1348 2835 lt,
1363 2776 1425 2823 Στι-

413 2838 484 2911 ρδρη
505 2840 587 2907 vulg,
621 2841 759 2893 Severum
774 2840 859 2909 lntpr.
877 2836 913 2892 At
928 2840 999 2891 infra
1017 2842 1047 2894 li.
1063 2846 1136 2893 recte
1156 2840 1300 2913 Σαπιόρην
1319 2844 1426 2898 scribit.

417 2928 459 2965 ao
470 2909 618 2981 Μαρσύαν
632 2912 662 2961 it
1136 2934 1141 2947 ·

414 3056 461 3110 23.
495 3051 565 3105 Cum
583 3053 657 3104 enim
680 3069 722 3105 res
744 3053 775 3105 in
793 3050 889 3106 lazica
910 3053 1020 3123 regione
1039 3054 1079 3105 ita
1096 3069 1125 3105 se
1148 3052 1296 3117 baberent,
1323 3057 1351 3104 et
1377 3050 1427 3103 In-

344 3123 433 3177 stinus
450 3125 506 3177 iam
526 3123 651 3175 omnibus
668 3124 700 3175 in
716 3122 885 3191 praesectum
912 3132 983 3177 esset
1010 3124 1193 3189 constitutus,
1214 3140 1304 3193 neque
1330 3123 1428 3175 Persae

344 3203 476 3264 tanquam
493 3193 597 3246 bellum
620 3195 798 3245 instauraturi
818 3210 877 3247 sese
893 3199 1067 3262 appararent,
1084 3210 1174 3264 neque
1193 3194 1307 3245 Romani
1327 3192 1357 3245 in
1378 3210 1427 3243 eos

343 3273 502 3327 moverent,
522 3262 571 3315 sed
588 3265 726 3334 utrimque
745 3264 892 3332 diligenter
916 3263 1098 3325 excubarent,
1122 3271 1271 3332 mutuaque
1298 3264 1429 3327 consilia,

343 3342 477 3404 quantum
487 3335 546 3385 lieri
556 3340 672 3402 poterat,
682 3334 858 3387 observarent
871 3342 953 3404 atque
968 3334 1148 3402 explorarent,-
1165 3334 1236 3385 nulli
1252 3332 1351 3385 horum
1363 3332 1429 3385 bel·

342 3404 419 3457 laudi
435 3404 550 3455 initium
566 3404 713 3467 iaciebant,
727 3401 776 3455 sed
794 3405 882 3474 quieti
894 3402 1050 3467 manebant,
1067 3403 1180 3473 perinde
1201 3420 1233 3455 ac
1246 3405 1270 3453 si
1284 3404 1429 3455 communi
1520 3444 1521 3467 ,

342 3475 480 3527 sententia
490 3476 529 3526 ita
546 3473 684 3527 decretum
703 3482 783 3526 σκιαὶ.
806 3471 939 3527 Chosroes
952 3489 1025 3535 vero,
1043 3474 1244 3535 Persarumrex,
1257 3472 1428 3542 simulatque

342 3546 477 3615 cognovit,
491 3560 562 3615 quae
575 3543 649 3612 apud
660 3540 802 3596 Phasidem
814 3543 984 3606 accidissent,
995 3542 1304 3616 quodqueNaehoragan
1313 3543 1428 3611 fugiens

340 3616 447 3683 proelio
465 3614 640 3676 excessisset,
669 3614 813 3665 confestim
831 3630 893 3665 eum
917 3630 950 3665 ex
972 3612 1063 3667 Iberia
1086 3622 1240 3665 revocatum
1263 3611 1429 3665 crudelissi-

340 3700 385 3736 mo
410 3685 547 3754 supplicio
566 3684 643 3735 iuxta
668 3683 786 3752 patriam
813 3683 899 3751 legem
925 3683 1022 3736 affecit.
1058 3683 1153 3753 Neque
1177 3684 1250 3735 enim
1267 3683 1335 3734 satis
1360 3698 1429 3733 esse
1520 3738 1521 3747 ἱ

340 3754 465 3821 putabat,
482 3756 506 3806 si
519 3754 595 3805 illius
608 3754 741 3822 ignaviam
750 3753 869 3821 simplici
885 3755 979 3805 mortis
1010 3769 1090 3805 encre
1105 3754 1226 3823 puniret,
1243 3754 1292 3805 sed
1310 3768 1327 3802 a
1343 3769 1431 3803 surn-

339 3839 385 3873 rna
401 3826 506 3878 cervice
524 3832 613 3877 cutem
631 3824 658 3874 ei
677 3822 712 3875 ad
728 3825 798 3887 imos
816 3821 899 3891 pedes
921 3822 955 3875 de
1017 3840 1074 3886 ens,
1098 3840 1115 3874 a
1140 3823 1266 3875 carnibus
1295 3823 1430 3884 avulsit,

340 3893 486 3946 introrsum
505 3894 656 3955 inversam,
684 3893 725 3945 ita
742 3902 774 3945 ut
791 3894 874 3946 etiam
893 3893 995 3946 formae
1012 3893 1194 3945 membrorum
1211 3896 1336 3945 inversae
1352 3910 1428 3945 con-

340 3963 525 4031 spicerentur,
553 3972 635 4033 atque
658 3964 698 4014 ita
718 3964 805 4016 instar
822 3964 890 4015 utris
916 3965 1016 4015 sensim
1033 3964 1163 4028 inflatam,
1183 3981 1199 4015 e
1217 3963 1330 4031 scopulo
1347 3980 1428 4032 quo-

340 4031 403 4083 dam
420 4032 549 4098 suspendi
564 4033 662 4097 iussit3
686 4033 841 4086 miserabile
867 4032 1005 4103 quoddam
1028 4042 1057 4086 et
1080 4034 1191 4087 foedum
1216 4032 1429 4101 spectaculum,

340 4102 418 4153 cuius
435 4101 547 4170 primns,
564 4105 607 4155 uti
624 4103 750 4166 arbitror,
760 4104 874 4172 sapores
892 4104 949 4165 ille,
970 4105 1019 4173 qni
1033 4104 1118 4157 multo
1128 4113 1191 4156 ante
1198 4102 1428 4156 Chosroentem-

338 4188 406 4239 pore
423 4169 496 4239 apud
518 4172 608 4223 Persas
625 4174 755 4241 regnarit,
772 4174 881 4225 infamis
894 4181 988 4227 suctus
1003 4175 1064 4227 fuit
1101 4174 1180 4245 Quae
1198 4175 1272 4225 enim
1290 4171 1326 4223 de
1342 4172 1428 4223 Mar-

335 4259 383 4314 qa
401 4239 504 4311 Phryge
522 4248 587 4295 sunt
602 4242 703 4297 litteris
719 4242 837 4315 prodita,
855 4242 930 4313 qnod
949 4244 1089 4305 contentio
1108 4246 1135 4299 ei
1152 4244 1336 4299 intercesserit
1353 4258 1428 4295 cun
