3109 4950
586 327 806 394 autumem
1189 333 1243 395 XV

168 489 242 552 daun
264 485 349 550 edita
368 482 547 570 ¹⁶)2'qu‘od
569 481 597 546 si
614 485 658 547 its
676 491 741 563 ast,
757 503 970 568 quascunque
994 485 1028 547 in
1052 486 1113 550 bcc
1128 505 1245 570 genere

164 587 346 650 iustiniano
378 583 584 668 antiquiora,
615 593 687 668 post
714 583 899 668 Philippum
928 584 1246 649 Thessalonicensem

164 685 293 770 scripta,
321 683 477 766 legimus,
500 682 563 744 alia
580 703 708 762 coraus,
730 681 823 746 cuius
842 684 963 746 mentio
983 683 1087 747 omnis
1102 683 1246 767 perierit,

162 781 395 867 comprehensa
418 781 516 844 luisse
550 801 679 843 necem
698 789 756 844 est.
800 783 872 861 Qus
891 802 1000 866 opera,
1024 803 1120 866 quam
1139 782 1245 846 Tbeo·

163 883 244 946 doro
261 881 441 945 Decurioai
464 881 511 956 ¹⁷)
529 878 705 962 inscripsit,
730 879 835 961 palam
856 889 905 942 est
923 901 996 944 eum
1019 883 1245 965 potentiorum,

163 980 278 1064 quales
300 979 422 1043 Paulus
444 975 648 1040 Silentiarius
673 976 943 1060 Macedoniaeque
960 980 1113 1042 exconsul
1134 989 1244 1058 erant,

163 1099 303 1164 quorum
323 1077 464 1162 plurima
488 1073 658 1158 colligebat
686 1074 862 1158 poematia,
890 1077 1030 1140 levorem
1052 1086 1246 1163 aucupatum

165 1199 242 1241 esse.
272 1176 325 1236 Ex
347 1174 397 1238 his
413 1173 547 1236 Paulum
560 1171 710 1238 laudibus
727 1195 792 1238 uon
812 1173 977 1239 immeritis
990 1176 1131 1255 extollit,
1148 1185 1245 1259 atque

167 1276 293 1338 clientis
310 1272 429 1336 officiis
447 1271 579 1336 comiter
595 1272 701 1336 colere
724 1271 849 1336 videtur
859 1273 915 1351 ¹⁸).
963 1275 1032 1338 Hoc
1050 1276 1118 1360 ipsc
1134 1275 1244 1354 Paulo,

166 1374 229 1435 nisi
250 1394 301 1434 me
317 1371 503 1434 coniectura
521 1369 650 1454 decipit,
672 1369 939 1454 Eutychianoque
956 1372 1095 1454 quodum
1110 1374 1243 1438 hortau-

167 1471 250 1534 tibus
259 1471 314 1550 ¹⁹),
333 1478 459 1533 mortuo
469 1469 649 1531 Iustiniano
663 1468 854 1552 imperatore
866 1470 925 1547 ω),
946 1470 987 1534 sd
1003 1470 1166 1536 historiam
1174 1473 1244 1536 aevi

168 1571 217 1633 sui
236 1569 432 1632 scribendam
452 1566 593 1629 animum
611 1566 744 1628 adiecit=
767 1587 866 1649 quum
884 1566 926 1630 sd
946 1567 1141 1653 trigesimum
1158 1578 1245 1632 certe

166 1668 273 1730 aetatis
290 1687 411 1728 annum
425 1664 636 1750 pervenisset
682 1663 787 1728 Credo
805 1674 911 1727 tamen
931 1686 1005 1728 eum
1019 1667 1077 1730 diu
1090 1666 1244 1751 colligen-

164 1765 213 1828 dis
242 1764 463 1828 tantummodo
497 1763 733 1826 narrationibus
767 1783 898 1846 operam
928 1763 1068 1829 dedisses
1106 1788 1245 1850 namque

162 1885 243 1948 opus
269 1865 357 1947 quod
383 1865 424 1928 ad
456 1885 514 1928 nos
537 1865 686 1948 pervenit
713 1865 794 1928 adeo
816 1865 950 1949 exiguae
974 1863 1068 1928 molis
1096 1875 1162 1943 est,
1193 1875 1245 1942 nt,

165 1984 267 2045 quum
285 1983 323 2025 ea
343 1984 421 2046 quas
443 1964 483 2026 de
498 1962 648 2026 Cbosrois
666 1963 754 2026 exitu
773 1973 942 2026 narrantur
961 1963 1141 2028 acciderint
1160 1986 1246 2025 anuo

162 2063 254 2145 577„
287 2081 382 2124 nemo
407 2062 465 2124 sibi
494 2063 683 2146 persuadeat
708 2062 759 2124 illi
788 2062 1024 2128 conscribendo
1050 2063 1245 2128 decennium

162 2159 304 2243 poluisse
335 2160 493 2244 impendi:
533 2161 597 2222 imo
634 2182 673 2224 eo
709 2160 858 2244 amplius.
905 2163 986 2224 Nam
1014 2183 1055 2224 ne
1084 2162 1145 2224 ists
1172 2161 1247 2244 qui·

163 2259 233 2320 dem
264 2258 305 2320 de
323 2258 493 2322 Persarum
513 2259 597 2342 regis
630 2259 705 2341 fuga
727 2269 759 2321 et
776 2269 878 2322 morte
901 2281 977 2322 mox
999 2268 1072 2343 post
1097 2269 1247 2324 euentum

164 2355 279 2440 scripta
306 2378 394 2434 esse,
424 2359 592 2442 perspicue
621 2357 787 2440 apparebit
808 2357 1025 2420 consideranti
1042 2358 1115 2433 2¹).·
1154 2355 1249 2418 Haud

162 2463 266 2518 lamen
289 2454 405 2519 debilis
428 2457 612 2519 coniectura
632 2462 697 2535 esi,
726 2454 855 2540 qnando
867 2454 1017 2539 Agathiss
1039 2455 1080 2518 de
1100 2453 1249 2517 Mauricii

149 2554 254 2639 ‘gestis
274 2554 431 2633 narrabat,
453 2554 542 2619 hunc
561 2555 665 2618 adbuc
684 2556 844 2639 privatum
859 2556 972 2618 fuisse:
991 2553 1114 2637 qnippe
1139 2573 1246 2635 quem,

162 2654 279 2737 absque
301 2654 367 2715 ulls
385 2656 502 2717 summi
519 2653 638 2736 lastigii
664 2638 984 2731 commemoratione,
1014 2652 1107 2715 Pauli
1124 2652 1245 2727 filium,

163 2754 343 2835 magistrum
356 2753 503 2829 militum,
527 2763 628 2816 vocat.
671 2753 709 2813 ld
726 2772 803 2815 vero
819 2753 859 2815 ad
878 2751 1090 2815 refellendam
1104 2750 1245 2813 Fabricii

163 2850 348 2934 opinionem
373 2853 534 2915 sufficeret
543 2876 552 2931 3
582 2852 637 2933 qni
657 2851 718 2913 sibi
743 2849 941 2934 persuaserat
959 2849 1145 2933 Agathiam,
1179 2870 1244 2932 quo

162 2958 302 3032 ternpore
326 2949 483 3032 Evagrius
512 2948 675 3011 historiam
696 2949 853 3027 absolvit,
889 2948 1015 3010 scilicet
1038 2968 1123 3009 anuo
1151 2950 1242 3030 593„

162 3046 305 3109 noudum
327 3047 481 3111 edidisse:
516 3056 547 3109 st
565 3046 639 3127 illa,
666 3046 846 3111 accuratius
867 3046 1019 3130 inspectis
1040 3046 1146 3109 verbis
1161 3067 1244 3126 quse

161 3144 208 3206 vir
226 3166 392 3228 nunquam
412 3145 479 3208 sine
493 3144 586 3206 laude
608 3144 905 3207 commemorandus
923 3144 1128 3207 festinantius
1153 3142 1243 3225 legit,

162 3244 297 3325 ipseper
315 3263 348 3305 se
369 3243 578 3320 conciditii).
609 3244 721 3325 ltaque
739 3242 906 3327 Agatbiam
917 3242 1050 3305 Tiberio
1065 3242 1172 3303 adbuc
1191 3264 1244 3305 re·

162 3351 288 3423 guante,
299 3349 373 3404 ante
384 3363 506 3403 anuum
517 3342 600 3419 582„
614 3364 679 3425 quo
700 3363 787 3403 anno
797 3341 971 3403 Mauricius
982 3342 1153 3426 imperium
1166 3342 1242 3404 sde-

156 3448 229 3523 ptus
246 3450 312 3521 est,
340 3442 440 3505 evita
457 3442 628 3506 decessisse
644 3440 790 3507 arbitror.
831 3439 912 3501 Nam
925 3440 1018 3503 obitu
1039 3442 1244 3505 cinefactum

199 3640 240 3710 1⁶)
252 3640 372 3696 Prooem.
385 3653 411 3706 p.
424 3640 449 3693 6.
494 3700 498 3705 ¹
531 3639 573 3711 ¹7)
584 3639 610 3691 S.
620 3639 734 3708 Palatii,
754 3638 789 3691 de
805 3656 860 3711 quo
874 3640 966 3692 cilicio
983 3637 1093 3691 consule
1104 3636 1122 3685 1.
1134 3634 1243 3689 Gotbo-

228 3710 333 3763 lredum
350 3707 384 3761 ad
403 3708 433 3761 C.
451 3706 563 3763 Th.v1.
580 3714 623 3765 23.
645 3728 666 3763 r.
685 3712 719 3763 11.
738 3726 764 3779 p.
786 3698 873 3763 126.q
918 3709 1039 3781 18)Hisc
1050 3706 1082 3759 V.
1099 3724 1124 3774 9.
1143 3723 1168 3775 p.
1181 3724 1243 3775 297.

231 3781 272 3851 ¹9)
300 3781 418 3833 Prooem.
447 3795 474 3847 p.
501 3794 524 3847 7·
551 3783 575 3835 8.
647 3781 692 3852 no)
718 3778 790 3831 Ibid.
813 3796 838 3846 p.
863 3797 900 3831 rr.
981 3781 1027 3845 nr)
1048 3778 1118 3829 illst.
1136 3775 1180 3828 IV.
1200 3795 1240 3844 up.

226 3868 251 3919 p.
264 3868 324 3918 ²7²·
404 3847 450 3919 aa)
464 3848 564 3899 Locum
576 3851 656 3918 posui
670 3852 742 3904 inter
752 3850 916 3903 testimonia.
952 3846 1041 3899 Verba
1058 3850 1085 3900 el
1095 3849 1144 3899 stul
1156 3846 1242 3917 prino

227 3920 328 3987 ἔτυχον
352 3916 545 3975 ἐκδεδωκότες·
557 3919 591 3970 ad
611 3920 754 3989 scriptores
782 3936 849 3989 qnos
870 3918 1053 3971 nominaverat
1071 3918 1166 3975 referri
1186 3934 1243 3967 uon

229 3998 359 4057 possunt:
378 4004 449 4059 quae
463 3990 485 4039 si
496 3988 601 4057 Evagrii
617 4006 693 4043 mens
713 3998 796 4051 esset,
815 3990 919 4040 ratione
937 3987 1066 4051 iubente,
1092 3988 1242 4055 scripsisset

227 4057 429 4127 τυγχάνουσιν.
466 4058 535 4109 Sunt
552 4060 600 4109 illa
618 4062 729 4111 omnino
748 4058 894 4119 mendosa,
920 4066 949 4109 et
967 4062 1058 4112 nescio
1084 4074 1139 4129 qua
1158 4056 1193 4108 de
1213 4071 1241 4105 re

229 4128 435 4198 interpretanda
467 4144 518 4178 uae
532 4128 657 4181 Mauricii
676 4130 797 4181 animum
815 4143 924 4181 movere
935 4132 1058 4198 potuerit
1072 4137 1102 4180 ut
1123 4126 1240 4196 supplici

229 4201 284 4269 regi
298 4198 431 4255 auxilium
448 4145 602 4268 denegaret.
