3109 4950
362 271 448 358 306
795 289 1005 358 screnus

224 471 258 528 Δ,
270 471 300 525 c.
310 455 483 540 ςςςρεοθιιι
501 446 647 530 δύναμιν,
673 443 765 528 μύλις
782 445 816 512 ἕν
833 449 878 534 τῷ
898 447 967 512 τότε
989 447 1034 522 είς
1049 443 1239 529 πεντήκοντα
1254 448 1310 508 κατ’
1332 439 1444 508 ἑκατὸν

257 545 584 637 ιω’περιοιστηίιεα
610 544 667 610 καί
685 541 802 610 τούτων
826 542 860 608 αἱ
878 549 939 626 μὲν
958 539 1121 631 ἕνἸταλίρ
1146 541 1330 624 ἐτετάχατο,
1360 539 1395 606 αἱ
1412 544 1443 604 δὲ

268 667 301 722 v,
311 685 361 723 ιω
368 644 449 714 κατά
464 645 521 733 τὴν
534 641 679 728 Λιβύην,
700 645 805 728 ἓτεροιι
818 643 855 708 δὲ
870 645 905 708 ἐν
920 640 1082 729 Ἱσπανίςι,
1102 644 1156 704 κατ’
1174 632 1269 705 άλλαι
1287 637 1362 723 περὶ
1373 637 1445 712 τούς

362 745 523 830 Κόλχους,
553 741 609 807 καί
636 735 731 806 άλλαι
751 739 831 804 κατά
855 739 911 824 τὴν
942 736 1148 826 Ἀλεξάνδρου
1176 741 1232 802 καί
1260 734 1372 825 Θήβην
1393 735 1445 819 τὴν

362 843 555 930 Αἰγυπτιαν.
576 841 726 924 ἐκάθηντο
745 842 782 904 δὲ
806 835 903 923 ὀλίγοι
921 839 977 905 καὶ
993 835 1072 925 πρδς
1088 835 1126 904 τά
1146 831 1209 924 ἑῷα
1229 838 1290 901 τάν
1305 836 1460 920 Περσῶνὸ

366 940 448 1030 ὅρια·
468 936 506 1006 ού
531 938 593 1026 γάρ
618 937 720 1022 δήπου
746 935 813 1002 ἔδει
839 941 938 1004 ε’κεῖσε
968 933 1120 1002 πλειόνων
1148 932 1203 1000 διά
1231 931 1288 1008 τάς
1310 933 1447 1006 σπονδάς

366 1041 422 1108 καί
439 1038 477 1105 τδ
497 1044 625 1124 βέβαιον
647 1040 702 1121 τῆς
722 1038 908 1122 ἐκεχειρίας.
931 1026 994 1101 ὧδέ
1016 1059 1084 1110 ποις
1107 1025 1172 1120 άρα
1193 1035 1226 1110 ἐς
1243 1029 1447 1119 βραχύτατον

363 1142 461 1224 μέρος
481 1137 685 1223 περιέαταλτο
700 1132 740 1199 τά
756 1134 864 1219 πλήθη
879 1136 934 1199 καί
947 1133 1139 1218 ύπετύτμητο
1162 1132 1200 1219 τῇ
1216 1133 1277 1196 τάν
1297 1128 1448 1216 κρατούκ.

363 1263 429 1304 τιον
448 1234 609 1326 άλιγεορίρι.
1422 1258 1431 1270 =
1511 1249 1512 1338 ρ

338 1354 363 1404 1)
453 1333 505 1400 ιδ.
541 1334 580 1399 Ὁ
592 1330 651 1418 γάρ
664 1331 816 1415 βασιλεύς
839 1328 946 1416 ἐπειδὴ
961 1323 1258 1417 πρότερονἸταλιλιν
1278 1326 1476 1409 ξύμπασανιο

365 1431 556 1521 ἐχειρώσατο
584 1431 639 1496 καί
653 1429 801 1515 Λιβύην,
830 1429 885 1494 καί
907 1426 981 1504 τούς
1002 1431 1168 1511 μεχάιτους
1196 1428 1333 1502 ἐκείνους
1357 1429 1449 1490 πολέ-

365 1553 448 1618 μους
467 1531 611 1618 διήνυσε,
632 1533 687 1594 καί
704 1533 824 1615 πρῶτος
843 1529 888 1605 ὥς
912 1533 1011 1594 εἰπεῖν
1034 1531 1067 1592 ἐν
1088 1536 1152 1602 τοῖς
1172 1523 1252 1592 κατά
1267 1522 1303 1590 τά
1322 1523 1448 1600 Βυζάν-

365 1658 434 1701 τιον
449 1628 688 1714 βεβασιλευκότι
701 1629 874 1709 Ῥωμαίων
892 1624 1093 1714 αὐτοκράτωρ
1110 1621 1245 1707 δνάματί
1254 1645 1287 1688 τε
1304 1621 1363 1686 καί
1371 1622 1450 1706 πρά-

366 1756 461 1817 γματι
476 1729 683 1794 ἀπεδέδεικτο
703 1725 812 1810 ἐπειδὴ
830 1720 889 1791 ούν
906 1726 992 1814 αύτῷ
1009 1723 1113 1790 ταύτά
1131 1747 1164 1789 τε
1184 1721 1240 1788 καί
1256 1715 1339 1787 ἄλλα
1358 1714 1449 1802 ὅμοια
1511 1803 1512 1806 ¹

368 1830 488 1904 τούτοις
507 1827 647 1904 νεάζοντι
662 1823 712 1890 ἔτι
726 1829 783 1889 καί
806 1820 972 1912 ἐρρωμένῳ
990 1823 1187 1910 ἐξείργαστο,
1216 1819 1283 1887 τότε
1306 1817 1349 1905 δὴ
1368 1820 1481 1905 cippi&
1511 1829 1512 1834 ’

368 1924 427 2010 τὴν
448 1926 585 2009 ἐσχάτην
595 1927 650 1990 τοῦ
664 1925 735 2006 βίου
752 1925 893 2010 πορείαν,
916 1916 991 2009 (ἤδη
1003 1920 1063 2008 γάρ
1073 1919 1128 1986 καί
1137 1918 1340 2006 ύχεγηράκει,)
1365 1917 1452 1982 άπει-

368 2025 498 2111 ρηιιύναι
513 2033 578 2098 τοῖς
592 2023 698 2098 πόνοις
719 2021 823 2087 ἐδόκει
829 2073 840 2104 ,
860 2025 917 2086 καί
932 2018 1053 2104 μᾶλλόν
1078 2044 1111 2085 τι
1128 2017 1227 2085 αδτόν
1245 2013 1361 2106 ἤρεσκε
1382 2022 1453 2099 ξυγ-

369 2123 494 2209 κρούειν
509 2123 545 2187 ἐν
556 2124 649 2207 σφίσι
667 2118 740 2196 τοὺς
758 2119 935 2202 πολεμίους,
957 2119 1112 2206 δάροιςτε
1128 2114 1264 2198 αύτούς,
1287 2113 1362 2200 εἴπη
1383 2113 1454 2199 δεή-

369 2245 431 2302 σοι,
457 2219 715 2302 καταθωπεύειν,
734 2222 791 2284 καὶ
813 2215 913 2308 ταύτῃ
943 2219 1136 2303 άμοοσχὲποις
1154 2214 1393 2302 ἀποκρούεσθαι
1404 2266 1415 2296 ,
1434 2207 1456 2296 ἢ

369 2321 423 2405 ἐφ’
447 2314 552 2406 ἑαυτῷ
569 2321 755 2383 πεποιθέναι
778 2320 834 2381 καί
853 2319 950 2402 μέχρι
968 2314 1085 2392 παντὸς
1113 2311 1372 2380 διακινδυνεύειν.
1391 2336 1488 2380 τοι-το

276 2429 304 2488 Ρ.
311 2425 362 2485 158
369 2415 477 2503 γάρτοι
495 2416 551 2483 καί
564 2416 720 2506 περιεώρα
736 2414 795 2493 τάς
808 2414 910 2497 τάξεις
929 2417 1212 2503 διαφθειρομένας,
1233 2411 1277 2490 ὥς
1295 2409 1334 2499 δὴ
1352 2417 1457 2479 τολοι-

370 2514 431 2582 πδν
450 2512 563 2602 ἥκιστά
581 2540 615 2600 γε
635 2512 740 2583 αὐτῶν
758 2513 1038 2603 προσδεησόμενος.
1059 2519 1114 2581 καί
1130 2518 1235 2580 τοίνυν
1251 2510 1371 2596 ταύτης
1387 2514 1458 2575 ἐπι-

441 2624 466 2679 b
484 2623 614 2693 Ἶσπιινίρ
632 2625 677 2687 lt,
693 2626 810 2693 Σπανίᾳ
826 2624 898 2693 vulg.
967 2642 994 2694 9.
1013 2622 1146 2694 δλιγορίρ
1163 2624 1217 2677 Par.
1291 2622 1330 2691 id.
1350 2619 1459 2673 ἀπεδέ-

443 2691 536 2746 δεικτο
551 2696 590 2758 lt,
609 2692 727 2752 austri.
738 2696 808 2764 vulg.
883 2692 1077 2755 ι5...εάζοντι
1096 2696 1124 2746 ll.
1213 2696 1252 2749 16.
1272 2697 1320 2746 καὶ
1339 2692 1405 2745 add.
1426 2708 1460 2743 ex

443 2764 473 2814 ll.
546 2764 585 2819 rt
604 2766 668 2827 cinq
687 2766 730 2827 u,
747 2766 776 2815 ei
791 2778 849 2815 που
860 2762 930 2835 vulg.
984 2782 1025 2818 aa.
1044 2779 1076 2837 γε
1097 2767 1147 2817 ins.
1167 2781 1201 2818 ex
1218 2767 1248 2817 li.

375 2885 513 2954 copiarum
526 2884 597 2937 aliae
613 2885 644 2935 in
661 2884 742 2936 ltalia
760 2890 839 2937 erant
855 2885 1017 2948 collocatae,
1035 2886 1106 2938 aliae
1122 2888 1152 2938 in
1161 2886 1259 2949 Africa,
1280 2885 1353 2936 aliae
1370 2883 1402 2935 in
1408 2884 1461 2935 Hi-

375 2954 489 3018 sania,
515 2955 584 3006 aliae
608 2954 680 3023 apud
699 2954 829 3017 Colchos,
857 2957 926 3007 aliae
950 2954 1023 3025 apud
1044 2955 1191 3009 Alexandri
1209 2957 1303 3007 urbem
1330 2962 1362 3005 et
1386 2955 1460 3005 circa

401 3024 491 3075 lreben
511 3025 678 3095 Aegyptiam.
727 3026 913 3077 consederant
940 3042 1004 3077 vero
1026 3042 1126 3095 paucae
1145 3029 1227 3079 etiam
1246 3042 1339 3077 versus
1366 3026 1462 3075 orien-

375 3096 445 3147 tales
463 3095 599 3146 Persarum
617 3096 692 3146 lines.
719 3094 816 3166 Neque
838 3098 910 3146 enim
928 3097 987 3147 illio
1003 3096 1127 3164 pluribus
1155 3114 1221 3166 opus
1241 3103 1313 3157 erat,
1341 3092 1379 3145 ob
1400 3095 1463 3145 soe·

377 3166 440 3218 dera
454 3163 524 3216 inita
541 3160 721 3236 induciasque
742 3167 857 3217 firmiter
872 3174 971 3233 pactas.
1009 3166 1049 3218 Ita
1062 3166 1164 3219 ferend
1182 3183 1309 3237 perquam
1331 3164 1464 3233 exiguam

378 3236 532 3305 portionem
550 3235 673 3287 redactae
692 3245 770 3287 erant
786 3236 879 3305 copiae
894 3243 976 3305 atque
989 3238 1090 3288 accisae
1107 3238 1261 3306 principum
1279 3235 1463 3303 negligentia.

449 3304 486 3371 sd
522 3307 671 3374 Imperator
697 3307 771 3359 eninr
806 3313 983 3376 posteaquam
1014 3314 1093 3358 antea
1119 3308 1269 3359 universam
1294 3305 1409 3355 ltaliam
1437 3314 1465 3356 et

377 3375 494 3427 Africam
517 3376 548 3427 in
567 3383 730 3443 potestatem
758 3376 912 3444 redegerat,
939 3378 1112 3461 maximaque
1132 3376 1205 3428 bella
1226 3377 1405 3440 confecerat,
1438 3384 1466 3427 et

377 3446 489 3515 primur,
508 3454 539 3497 nt
551 3446 589 3495 ita
607 3444 741 3506 dixerim,
758 3463 792 3496 ex
811 3447 864 3507 iis,
888 3447 936 3517 qui
956 3448 1077 3514 Byzantii
1100 3456 1253 3515 regnarunt,
1273 3448 1464 3497 Romanorum

378 3516 526 3582 Imperator
549 3515 660 3567 nomine
685 3515 788 3583 pariter
807 3524 835 3566 et
854 3518 943 3585 reipsa
970 3525 1012 3569 est
1039 3515 1204 3583 declaratum
1229 3516 1309 3579 haec,
1328 3516 1466 3585 inquam,

377 3587 487 3653 aliaque
505 3582 548 3634 hia
571 3584 669 3634 similia
688 3601 749 3635 cum
769 3586 884 3637 iuvenili
907 3596 1058 3669 vegetoque
1082 3594 1172 3638 aetate
1193 3588 1373 3657 perfecisset,
1402 3594 1467 3637 tum

378 3670 442 3707 rero
466 3653 516 3705 sub
538 3663 687 3704 extremum
709 3654 782 3705 vitae
807 3657 984 3720 curriculum,
1002 3657 1067 3727 (sam
1088 3658 1160 3709 enim
1173 3656 1375 3726 consenuerat,)
1401 3673 1466 3708 ces-

379 3727 446 3777 sisse
480 3733 508 3775 et
537 3723 707 3776 renuntiasse
733 3722 874 3775 laboribus
902 3726 974 3778 visus
1006 3735 1062 3789 est,
1091 3731 1228 3798 magisque
1258 3728 1284 3778 ei
1319 3725 1467 3847 qpodam-

379 3793 459 3845 modo
477 3795 581 3863 placuit
602 3793 692 3844 ho'stes
717 3792 790 3845 inter
815 3810 843 3845 se
864 3798 1044 3858 committere,
1063 3803 1092 3846 et
1108 3798 1187 3849 donis
1208 3814 1254 3849 eos
1272 3798 1329 3849 sicu
1353 3798 1467 3864 i·opus

379 3870 438 3914 erat
448 3864 618 3926 demulcere,
635 3879 721 3935 eaque
737 3864 844 3916 ratione
879 3865 1059 3919 uodammodo
1074 3868 1233 3937 propulsare
1250 3869 1359 3937 potius,
1375 3883 1467 3935 quam

379 3930 505 4002 sibiipsi
525 3933 661 3987 confidere
680 3941 709 3984 et
722 3941 855 4003 perpetuo
896 3936 1036 4005 elligerari.
1065 3936 1198 4007 Quocirca
1215 3945 1243 3989 et
1260 3938 1384 4007 legiones
1406 3938 1467 3987 im-

378 4001 467 4052 minui
492 4003 590 4057 collabi
630 4020 646 4056 e
669 4003 749 4055 facile
779 4002 950 4073 patiebatur,
973 4005 1090 4145 perinde
1117 4024 1148 4059 ao
1180 4009 1203 4059 si
1228 4009 1359 4077 deinceps
1384 4008 1467 4057 nulli

379 4075 531 4123 necessario
549 4091 611 4125 usur
629 4073 684 4125 sibi
706 4083 797 4126 essent
822 4074 937 4127 futurae.
1000 4093 1050 4128 nae
1071 4076 1182 4147 quidem
1203 4080 1371 4149 negligentia
1396 4094 1467 4129 cnm

380 4141 464 4195 ctiam
478 4156 544 4203 cos,
556 4145 605 4213 qui
614 4143 745 4195 secundas
757 4146 787 4195 in
803 4144 1037 4199 administratione
1054 4147 1163 4217 imperii
1174 4158 1263 4215 partes
1279 4147 1468 4209 obtinebant,

380 4218 551 4284 occupasset,
570 4210 671 4283 quibus
685 4213 800 4284 cogendi
819 4215 963 4271 arubditis
983 4218 1087 4272 tributa
1113 4227 1142 4272 et
1159 4218 1260 4273 deinde
1288 4219 1469 4275 exercitibus
