3109 4950
514 288 797 363 urs'routluvn
822 297 878 359 111.
896 296 949 380 us,
1067 253 1069 257 ⁴
1186 266 1271 357 203

192 446 292 525 πτούς
310 446 373 534 γόρ
390 443 596 533 παγχρύσους
615 444 671 514 καί
686 446 873 533 περιδέραια
887 444 944 514 καί
958 449 1099 533 ἐλλόβια,
1125 446 1181 516 καί
1192 442 1350 515 ditabo.
1360 456 1413 513 ⁵55

175 542 272 613 ἰ’ίττα
292 545 400 613 τοιοίδε
421 547 613 631 δηλυπρεπῆ
627 543 818 627 ποικίλματα
835 550 891 612 καί
908 546 1076 634 περίεργα,
1105 546 1224 631 ὁποίαις
1241 527 1300 615 οἱι
1310 527 1330 579 1·
1340 544 1375 598 ²⁹

190 632 385 729 e’aitndrepus
423 644 486 711 τεόν
511 640 638 727 Μήδαν
671 646 924 728 ἐναγλαΐζονται,
964 649 1021 711 τοῦ
1042 647 1164 728 μᾶλλον
1192 641 1274 714 εἶναι

189 737 335 828 ἆρίδρλοι
364 746 420 807 καί
444 745 502 809 τού
527 734 623 807 diluo
642 739 753 825 ὁμίλου
769 738 1004 829 ἆποκεκριλτθαι.
1030 744 1100 810 ὅδὲ
1121 752 1306 832 Ναχορα-Ι)

168 838 257 927 ὄγόν,
285 839 395 926 ἐπειδὴ
419 836 518 907 αύτόν
541 842 581 905 τό
602 866 637 907 τε
656 841 816 926 ἐπιτήδεια
832 845 991 925 ἐλελοίπει,
1011 848 1066 910 καί
1079 837 1139 929 ἤδη
1155 846 1275 927 χειμῶ-

190 965 243 1017 νος
267 935 336 1027 οόρα
359 943 563 1027 ἐπεγίγνετο,
582 938 669 1029 ἐῴκει
688 944 747 1023 μὲν
769 933 865 1020 adduc
887 942 1139 1028 πολεμησείοντι,
1171 943 1225 1007 καί
1240 947 1274 1021 ἐς

189 1036 260 1107 τόδε
277 1042 553 1129 ’συσκευαζομένρα
579 1040 614 1103 ού
626 1037 689 1124 μὴν
703 1036 784 1128 ἐργρν
795 1037 835 1105 τό
851 1041 1014 1123 βούλευμα
1027 1045 1174 1123 ἐπετέλει,
1194 1041 1274 1107 ἀλλὰ

189 1137 225 1207 τό
243 1142 307 1205 τῶν
322 1142 521 1221 ΔιλιμνιτιῖννΙ
531 1146 642 1225 στῖφος
657 1141 695 1225 τῇ
708 1138 860 1229 ύοτεραίρι
882 1143 1045 1223 ἐκπέμψας
1063 1140 1125 1206 dat
1141 1140 1177 1205 τὸ
1196 1140 1274 1206 στύ-

191 1240 281 1321 διον,
302 1237 357 1303 καί
378 1239 411 1316 ἐς
430 1240 565 1315 ἐκείνους
585 1234 661 1326 όρᾷν
677 1236 751 1315 τούς
779 1237 957 1320 Ῥωμαίους
973 1233 1154 1321 transitur,
1174 1236 1272 1329 ταύτῃ

151 1360 225 1406 rore
250 1336 379 1423 δόκησιν
394 1336 630 1423 παρασχόμενος
646 1339 704 1400 τού
721 1338 967 1421 ἐπελεύσεσθαι,
989 1338 1103 1403 αύτίκα
1124 1334 1174 1421 όγε
1196 1362 1274 1421 σχο-

188 1435 333 1523 λαίτερον
360 1430 426 1518 ἱίμα
449 1445 520 1515 Ιτοῖς
548 1429 654 1514 ἄλλοις
684 1438 919 1522 στρατεύμασιν
950 1439 1004 1503 ἐπί
1035 1436 1192 1504 Κοτάϊσιν
1220 1436 1277 1506 καὶ

190 1534 406 1621 Μουχείρισιν
427 1531 604 1620 ἐπορεύετο.
640 1531 683 1613 τός
701 1538 735 1599 δὲ
759 1542 901 1601 πλεῖστον
926 1530 986 1622 ἤδη
1010 1540 1065 1620 τῆς
1089 1536 1166 1601 όδού
1181 1561 1275 1623 προε-

187 1630 319 1718 ληλύθει
329 1684 339 1715 ,
368 1631 436 1699 τότε
454 1635 493 1719 δι’]
511 1634 565 1699 καί
578 1633 606 1699 οἱ
619 1638 805 1717 Διλιμνϊται
822 1634 972 1713 λύσαντες
983 1635 1043 1721 τήν
1061 1634 1165 1719 τάξιν,
1185 1637 1275 1700 εύκο-
1366 1659 1373 1716 f

187 1720 312 1798 λοότόιτα
331 1730 520 1818 (ἐπεχείρουν
531 1784 541 1815 ,
564 1728 618 1797 ἅτε
641 1732 679 1819 δι’]
698 1734 826 1821 κούφως
845 1728 897 1800 sies*
914 1737 1117 1816 ἐσταλμένοι,
1139 1732 1194 1798 καί
1217 1726 1275 1797 dl-

150 1836 254 1909 ι5λοος
274 1824 400 1913 όλκιμοι
431 1832 486 1896 καί
511 1830 673 1911 ποδιύκεις.
708 1837 855 1920 παρῆσαν
882 1837 917 1898 δε
945 1830 1044 1898 adrui
1064 1832 1120 1897 καί
1143 1834 1165 1919 ἦ
1195 1825 1274 1919 ἄλλη

187 1928 331 2016 Περσικὴ
347 1926 525 2017 οἷπόμοιρα,
554 1934 587 1997 οἳ
604 1931 642 2019 δὴ
661 1929 833 2017 ἐτύγχανον
848 1933 935 2020 παρὰ
950 1932 1004 1999 τόν
1028 1936 1162 2004 Νέοκνον
1178 1958 1275 1997 ποτα-

187 2027 250 2113 μόν
270 2030 421 2115 πρότερον
446 2032 675 2114 ἐπεσταλμένα
697 2031 751 2097 διὰ
773 2030 831 2116 τὴν,
848 2032 1016 2118 Μαρτίνου
1039 2027 1171 2116 ἀπύτην,
1192 2024 1367 2118 ᾖπέρΡΛω

186 2153 242 2211 μοι
255 2120 314 2213 ἤδη
334 2125 464 2214 ἐρ’ῥήθρ.
493 2126 616 2213 γνόντες
633 2127 694 2214 γόρ
714 2127 756 2205 ὥς
772 2130 943 2215 ἐνενίκηντο
961 2133 1020 2213 μὲν
1035 2128 1222 2213 οῖΠέρσαι,
1243 2126 1274 2194 οἱ

166 2230 223 2293 ’δέ
253 2228 410 2310 Ῥωμαῖοι
434 2225 557 2313 ύπύσης
578 2220 637 2313 ἤδη
661 2230 715 2313 τῆς
737 2228 847 2316 χώρας
869 2226 1021 2315 ἐκρότουν
1032 2280 1043 2310 ,
1074 2228 1186 2292 αύτίκα
1208 2229 1273 2310 οἵγε

144 2326 317 2411 σοπορείαν
348 2324 420 2391 τινὰ
445 2324 718 2392 διαλανθάνουσαι
747 2325 802 2391 καί
829 2329 894 2392 τῶν
912 2325 1084 2413 λεωφόρων
1109 2321 1273 2412 ἀποκεκρι-

183 2426 279 2510 μένην
296 2421 501 2500 διανύσαντες
529 2427 573 2504 εἰς
591 2429 805 2514 Μουχειρισιν
837 2428 959 2508 ἵκοντο,
989 2426 1053 2490 τῶν
1069 2428 1130 2508 μὲν
1144 2423 1272 2509 όγύνων

184 2519 297 2611 ἥκιστα
322 2523 553 2608 μετασχόντες,
587 2527 644 2590 τού
665 2529 701 2591 δὲ
724 2528 779 2610 τῆς
810 2527 912 2613 φυγῆς
936 2521 1069 2610 αἴσχους
1096 2527 1199 2612 πολλῷ
1223 2521 1273 2590 ἐτι

259 2678 281 2712 r.
299 2657 487 2732 περιδερρόαῖα
504 2662 573 2730 vulg.
618 2679 644 2714 a.
663 2659 783 2720 ὁποίους
802 2659 862 2731 sph.
882 2663 937 2714 Par.
979 2663 1005 2716 6.
1024 2659 1104 2729 ἐρύκει
1121 2667 1272 2712 correctum

255 2739 297 2782 est
319 2733 349 2782 in
373 2749 426 2800 mg.
446 2730 547 2802 Lnga,
569 2728 665 2784 ἐδόκει
691 2734 767 2786 idem
798 2734 828 2784 in
855 2733 912 2784 ord.
935 2740 963 2784 et
980 2734 1028 2795 u,
1045 2733 1129 2800 Intpr.
1153 2729 1271 2784 videba-

255 2813 307 2858 tur.
382 2820 419 2855 ιο.
439 2799 643 2871 οχολαιδτερον
660 2805 688 2854 ll.
737 2823 774 2856 ιι.
791 2806 950 2855 Kerasous
965 2801 1032 2854 Eds.
1077 2819 1114 2854 rs.
1134 2800 1271 2872 ἐπορεύε-

253 2887 285 2922 το
306 2873 346 2936 lt,
364 2871 535 2942 ἐπορεύοντο
553 2873 623 2942 vulg.
683 2873 721 2928 15.
742 2871 833 2926 αδτοῦ
853 2889 879 2925 κ.
899 2873 915 2938 ἡ
933 2871 1002 2938 ἄλλα
1020 2875 1062 2934 tt,
1079 2889 1105 2924 κ.
1126 2873 1142 2939 ἡ
1161 2871 1188 2922 ἄ.
1207 2868 1270 2928 adr.

255 2941 325 3011 vulg.
388 2959 431 2998 no.
455 2939 713 3015 ἀποκεκρυμμένην
729 2945 758 2998 Pu

142 3083 146 3090 '
180 3083 291 3140 menta,
310 3075 436 3147 qualibus
462 3077 643 3130 notabiliores
668 3077 911 3147 honoratioresque
932 3076 1009 3128 Medi
1033 3077 1125 3128 ornari
1157 3077 1267 3140 solent,

181 3156 214 3198 ut
239 3147 445 3216 spectabiliores
469 3149 541 3210 sint,
569 3155 597 3198 et
619 3165 634 3198 a
657 3149 737 3216 vulgo
764 3157 946 3200 secernantur.
988 3145 1164 3214 Nacborugan
1186 3162 1268 3210 vcro,

182 3233 243 3267 curn
264 3219 319 3269 iam
343 3219 432 3286 ipsum
455 3227 620 3270 commeatus
648 3218 700 3269 alia
721 3234 755 3270 ue
785 3219 936 3270 necessaris
962 3216 1133 3278 delicerent,
1161 3224 1190 3266 et
1214 3217 1269 3267 iam

182 3285 277 3338 bruma
294 3287 463 3350 immineret,
486 3287 641 3357 proeliandi
661 3237 773 3360 quidem
800 3287 965 3340 desiderium
990 3303 1054 3354 pruc
1082 3303 1112 3338 se
1140 3284 1267 3350 ferebat,

184 3365 214 3409 et
237 3359 271 3409 ad
292 3357 345 3410 hoc
365 3375 394 3409 se
420 3359 609 3428 comparabat;
636 3376 664 3410 re
690 3367 780 3410 tamen
803 3359 862 3427 ipsa
881 3359 1026 3409 consilium
1044 3355 1267 3426 desideriumque

183 3445 262 3478 suum
285 3446 341 3480 non
359 3429 533 3497 praestabat;
557 3427 605 3480 sed
628 3429 834 3482 Dilimnitarum
861 3429 967 3498 agmine
993 3428 1126 3496 postridie
1148 3425 1183 3477 ad
1209 3435 1266 3478 sta-

183 3495 260 3548 dium
280 3500 391 3561 cmisso‚
412 3507 440 3550 et
459 3497 569 3550 adversa
586 3500 615 3550 in
629 3501 760 3550 Romanos
778 3500 869 3550 fronte
886 3508 956 3550 stare
974 3500 1071 3561 iusso,
1098 3513 1187 3567 eoque
1203 3498 1265 3565 ipso

180 3566 282 3636 proelii
298 3567 345 3619 abs
362 3586 390 3620 se
410 3569 597 3621 committendi
613 3571 830 3638 expectationem
848 3571 981 3633 excitans,
1006 3569 1106 3621 sensim
1124 3568 1183 3635 ipse
1202 3583 1263 3618 eum

180 3639 297 3708 reliquis
317 3639 402 3706 copiis
427 3639 583 3692 Cotuesium
602 3639 848 3692 etMuchirisidem
870 3653 961 3692 versus
980 3640 1071 3691 movit
1109 3637 1176 3688 Cum
1197 3653 1262 3689 vero
1345 3681 1347 3683 ,

178 3708 234 3759 iam
262 3709 404 3760 maximam
430 3712 489 3762 viae
511 3719 614 3779 partem
636 3712 822 3774 coniecisset,
845 3719 903 3762 tum
931 3718 959 3762 et
987 3709 1148 3760 Dilimnitae
1177 3707 1265 3760 solum

177 3777 239 3829 a'cie
261 3778 390 3830 facillime
409 3780 613 3842 abscesserunt,
636 3789 733 3848 utpote
751 3782 850 3832 leviter
868 3798 974 3850 semper
995 3780 1091 3830 armati
1111 3777 1267 3848 expeditio-

177 3863 293 3918 rcsqne,
317 3858 345 3900 et
365 3860 507 3918 praeterea
534 3850 639 3902 robusti
667 3851 841 3921 pedibusque
866 3852 975 3905 celeres.
1019 3848 1191 3900 Adventabat
1214 3866 1265 3900 au-

176 3927 233 3970 tem
252 3920 335 3970 etiam
352 3921 406 3974 ulia
424 3921 509 3989 ipsius
527 3921 626 3973 Persici
654 3921 788 3972 exercitus
806 3938 885 3989 pars,
912 3937 981 3990 quae
999 3917 1034 3969 ud
1053 3918 1193 3988 Neognum
1211 3920 1265 3970 flu-

176 3989 251 4040 vium
277 3999 357 4042 autea
387 3993 470 4042 missa
495 3991 584 4044 fuerat
607 3999 719 4059 propter
745 3991 859 4042 Martini
894 3991 1003 4053 dolum,
1037 3988 1265 4060 quemadmodum

176 4076 257 4128 supra
280 4077 356 4112 ame
376 4060 545 4112 dictumest
583 4060 649 4111 Cum
669 4061 743 4110 enim
765 4061 953 4127 cognovissent
972 4061 1057 4112 victos
1075 4060 1186 4131 quidem
1204 4075 1263 4110 esse

176 4129 289 4194 Persas,
317 4131 451 4182 Romanos
473 4147 538 4183 vero
565 4131 690 4181 universa
713 4129 767 4180 iam
794 4132 905 4200 regione
928 4131 1033 4199 potiri,
1057 4129 1200 4183 confestim
1220 4143 1267 4178 οο-

179 4199 295 4259 ουλλίοτε
315 4201 414 4257 itinere
434 4208 463 4256 et
485 4217 501 4254 a
520 4198 639 4273 publicis
659 4197 709 4258 viis
729 4207 835 4256 remoto
853 4199 1058 4264 Muthirisidem
1076 4203 1268 4274 peruenerunt,
