3109 4950
301 319 383 377 202
731 314 942 385 Astreus

162 486 233 541 Alc.
247 472 401 561 555πολλιβ
414 470 457 559 τῷ
474 465 582 557 δρόμῳ
592 469 754 555 ἐφέροντο,
774 460 1037 552 tertineriam,
1049 467 1095 553 μὴ
1112 466 1199 555 σφᾶς
1211 466 1380 555 παραδρά-

194 560 379 651 Ητ’9μοιό
395 572 451 635 τοῦ
471 566 562 655 ἔργου
581 566 710 654 καιρός,
730 571 786 635 καί
801 564 924 634 ἅπαντα
944 566 1144 654 τεφραθειή,
1171 564 1245 651 πρὶν
1262 564 1301 650 δὴ
1319 567 1380 631 αό-

209 668 241 722 V·
254 666 371 744 75rosie
389 663 573 755 άφικέσθαι.
600 650 716 751 άμιλλά
742 691 776 733 τε
799 661 840 753 ἦν
857 663 967 744 αάτοῖς
989 666 1069 753 ὑπὲρ
1085 668 1144 730 τοῦ
1153 664 1290 749 τάχους,
1319 660 1378 730 orie

295 770 512 849 ἐπισταμένοις
545 766 590 843 σός
618 769 665 856 τῷ,
697 770 823 833 νικῶντι
854 766 1050 851 συμβήσεται
1080 763 1191 853 πράπῳ
1220 763 1378 829 τεθνάναι.

299 862 432 944 ἅπαντες
448 865 510 951 γάρ
536 860 711 949 ἀμοιβαδὸν
734 864 798 931 ino*
816 869 882 932 τῶν
899 863 1073 947 Ῥωμαίων
1086 859 1303 945 ἁλισκόμενοι,
1323 862 1401 928 ssa-5

271 967 493 1047 Βτεκτεένοντο,
514 962 618 1054 υόσπερ
633 969 725 1032 τοῦόέ
741 990 775 1051 γε
790 970 880 1032 ἕνεκα
893 963 991 1048 μόνου
1011 959 1279 1051 παραγιγνόμενοι.
1302 956 1381 1027 άπο-

297 1065 416 1131 λάλασι
435 1066 600 1151 τοιγαροῦν
619 1064 657 1129 ori
684 1067 786 1153 πολλῷ
806 1061 959 1141 ἐλάσσους
978 1065 1040 1129 τῶν
1064 1061 1239 1145 όισχιλάαν.
1272 1057 1380 1127 τοσοό-

297 1190 363 1241 τοις
385 1164 538 1250 άνόράσιν
556 1162 754 1250 ἐργοπόνοις,
783 1163 840 1229 sai
861 1162 900 1229 τά
928 1164 1061 1245 πολέμια
1078 1155 1192 1246 ἥκιστα
1210 1164 1381 1245 μεμελετη·

300 1262 404 1345 κόσιν,
425 1260 458 1339 ές
478 1286 510 1327 τε
530 1261 704 1349 παράταξιν
720 1264 883 1335 οόποόποτε
902 1256 1107 1348 ἀφιγμένοις,
1129 1253 1312 1340 αάτομάτου
1331 1278 1391 1323 τι-“

300 1359 354 1437 νός
370 1359 425 1425 καὶ
443 1359 624 1447 παραλόγου
641 1356 776 1449 όλέθρου
797 1358 813 1425 ό
832 1355 1028 1446 Νυχοραγάν
1042 1358 1229 1433 αι’τιοότατος
1245 1360 1423 1441 γέγονεν,ιο

298 1458 415 1544 άνόητα
436 1457 755 1545 παρακελευσάμενος.
792 1452 980 1543 οότωςάρα
1005 1454 1024 1541 ἦ
1045 1451 1209 1535 ἀλαζονεία
1229 1455 1267 1519 osi
1284 1451 1382 1536 μόνον

297 1557 413 1634 αάτοός
428 1560 547 1624 σι’νεται
563 1555 637 1633 τοός
657 1561 880 1643 κεκτημένους,
910 1551 989 1623 ἇλλά
1011 1555 1073 1643 γάρ
1096 1553 1152 1620 καὶ
1168 1550 1225 1631 σός
1244 1548 1284 1618 όν
1302 1555 1383 1618 ἐκεί-

296 1682 361 1734 νοις
387 1658 554 1743 ὑπηρετεῖν
577 1657 718 1741 συμβαιή
734 1657 790 1723 καί
810 1659 989 1722 πείθεσθαι.
1018 1656 1137 1721 τούτων
1158 1655 1194 1718 tt
1213 1644 1276 1717 υόόε
1294 1656 1382 1730 ξυνε-

296 1757 476 1840 νεχθένταν
484 1804 495 1836 ,
527 1757 632 1837 οἱμὲν
656 1751 810 1837 Ῥωμαῖοι
837 1756 997 1831 εόέλπιόες
1018 1754 1164 1840 όπῆρχον
1182 1753 1215 1829 ἐς
1232 1748 1272 1817 τά
1286 1750 1382 1829 μάλι-

295 1875 374 1936 στα,
401 1853 445 1931 οἷς
468 1853 524 1917 καὶ
546 1846 642 1930 αὖθις
666 1854 786 1944 ῥᾳδίως
804 1849 1020 1940 περιεσόμενοι
1052 1851 1114 1935 εἴγε
1142 1843 1205 1938 άρα
1225 1848 1281 1915 καὶ
1304 1849 1423 1922 ἄνα-15

273 1956 476 2033 (Ῑμαχεῖσθαι
495 1949 525 2016 οἱ
545 1950 703 2039 βάρβαροι
721 1957 913 2039 πειραθεῖεν.
934 1946 1000 2017 ὅσοι
1016 1953 1052 2017 tt
1066 1949 1173 2016 αάτῶν
1193 1950 1228 2016 ἐν
1240 1951 1279 2038 τῇ
1294 1948 1381 2035 μάχῃ

295 2046 512 2135 ἐτεθνήκεσαν,
539 2044 635 2137 (ἦσαν
658 2051 693 2115 tt
721 2045 758 2115 οό
784 2049 911 2127 πλείους
937 2043 958 2135 ἢ
987 2049 1166 2138 διακόσιοι,)
1191 2050 1319 2123 τοότοος
1343 2048 1382 2133 δὴ

296 2144 530 2236 εόπρεπέστατα
550 2147 693 2233 ἔθαψαν,
712 2146 947 2237 όπεραγάμενοι
966 2150 1021 2234 τῆς
1036 2151 1218 2235 προθυμίαις
1224 2198 1235 2230 ,
1264 2143 1308 2225 ὥς
1324 2136 1380 2211 άν-

236 2309 239 2313 ,
297 2252 375 2335 δρας
393 2242 535 2332 άγαθοὺς
550 2244 842 2333 άποόεόειγμένους·
866 2246 941 2325 τούς
959 2250 994 2312 δὲ
1008 2250 1074 2312 τάν
1086 2244 1243 2328 πολεμίων
1257 2241 1386 2332 νειιροός.

296 2344 538 2428 σκυλεύσαντες,
559 2341 664 2411 όπλων
681 2372 714 2412 τε
732 2340 874 2434 άφθονον
889 2348 1009 2430 πλῆθος
1022 2344 1078 2410 καὶ
1088 2337 1190 2410 άλλαν
1211 2340 1429 2430 χρημάταντο

296 2445 531 2535 περιεβάλοντο.
551 2440 589 2511 osi
609 2446 669 2534 γάρ
689 2444 785 2530 μόνον
806 2442 943 2523 άσπάλας
963 2444 1017 2510 καὶ
1043 2442 1192 2533 θιόρακας
1213 2443 1312 2528 τυχόν
1332 2442 1387 2519 καὶ

297 2545 458 2632 γαρυτοός
472 2548 574 2629 βελάν
598 2543 675 2611 ἔνιοι
704 2547 768 2610 τῶν
784 2546 933 2629 κειμένων
957 2547 1164 2632 ἐπεφέροντο,
1194 2538 1274 2610 ἄλλά
1295 2568 1385 2630 στρε-

369 2665 395 2716 6.
412 2679 572 2734 παρυγιγν.
591 2665 630 2727 R„
649 2679 788 2734 παραγιν.
811 2664 882 2734 vulg.
962 2682 1001 2718 ro.
1019 2665 1113 2722 αἴτιος
1129 2665 1158 2715 R.
1224 2679 1263 2717 rr.
1282 2659 1387 2729 άνόρτα

367 2735 409 2788 R.i
417 2741 445 2784 et
462 2735 546 2802 Intpr.
564 2732 675 2796 stolide,
694 2732 819 2797 ἀνόνητα
843 2734 915 2804 vulg.
968 2752 1007 2789 ra.
1033 2735 1157 2792 ἐκείνοις
1177 2750 1231 2785 om.
1253 2736 1282 2786 R.
1330 2753 1386 2806 μγ.

368 2799 487 2860 τούτους
508 2801 538 2855 oe
556 2805 585 2856 R.
656 2821 698 2857 nr.
715 2801 931 2875 περιεβάλλοντο
949 2806 978 2856 lt
1042 2823 1087 2866 aa.
1103 2793 1268 2876 γωρυιτοός
1284 2804 1352 2858 Ede

300 2937 374 3012 quod
390 2939 483 3004 aiunt,
502 2941 646 3004 venirent,
670 2939 817 3012 omniaque
839 2949 901 2993 unte
921 2943 1043 3010 ipsorum
1063 2939 1210 2994 adventum
1229 2941 1259 2992 in
1278 2941 1383 2993 favillas

300 3018 330 3063 et
359 3011 477 3062 cinerem
506 3020 596 3063 essent
625 3011 739 3062 reducta.
788 3012 934 3065 Certabant
960 3014 1052 3084 itaque
1074 3014 1147 3065 inter
1171 3029 1200 3064 se
1234 3012 1386 3075 eeleritate,

302 3081 454 3133 nescientes
473 3083 531 3134 iore
554 3089 586 3134 ut
605 3083 654 3151 qui
672 3083 810 3147 vinceret,
829 3085 931 3152 primus
954 3090 1112 3135 moreretur.
1148 3083 1248 3135 Omnes
1264 3085 1338 3134 enirn
1352 3099 1386 3134 ex

302 3151 431 3203 ordinea
454 3153 579 3206 Romanis
598 3154 685 3222 eapti,
711 3153 867 3206 obtruncati
887 3154 1013 3218 fuerunt,
1032 3152 1148 3222 perinde
1168 3172 1199 3205 ae
1219 3154 1243 3205 si
1267 3170 1300 3205 ea
1324 3161 1386 3203 tan-

300 3229 360 3274 tum
392 3219 427 3275 de
455 3240 534 3275 eausa
559 3225 706 3280 venissent.
748 3226 893 3276 Perierunt
918 3225 1013 3294 itaque
1043 3240 1099 3275 non
1127 3225 1215 3275 multo
1246 3224 1386 3292 pauciores

300 3289 408 3343 duobus
426 3293 556 3345 millibus.
593 3296 647 3346 Tot
666 3293 731 3346 viris
754 3295 887 3364 operariis
907 3302 935 3346 et
957 3297 987 3345 in
1008 3309 1037 3345 re
1061 3294 1161 3345 bellica
1177 3294 1291 3345 minime
1311 3310 1388 3344 exer-

300 3362 409 3423 citatis,
437 3363 539 3434 quique
560 3381 701 3436 nunquam
722 3365 752 3416 in
780 3367 867 3417 aciem
893 3364 1077 3485 qrodiissent,
1103 3365 1224 3416 ultronei
1249 3364 1389 3428 cuiusdam

298 3439 382 3504 atque
400 3433 536 3502 inopinati
559 3437 638 3490 exitii
656 3442 750 3488 auctor
769 3435 824 3488 fuit
839 3435 896 3487 Nae
916 3451 1035 3505 osagen,
1061 3435 1110 3506 qui
1130 3435 1283 3486 inconsulta
1299 3435 1390 3502 impe-

301 3511 380 3555 rarat
409 3505 500 3574 Usque
525 3503 593 3558 adeo
615 3507 768 3575 arrogantia
790 3523 847 3557 non
871 3507 960 3558 solum
985 3522 1048 3558 suos
1071 3521 1261 3574 possessores,
1292 3503 1340 3556 sed
1361 3511 1389 3555 et

301 3573 373 3636 ilios,
392 3592 461 3644 quos
482 3577 521 3627 eis
537 3577 667 3627 inservire
688 3584 717 3626 et
729 3591 833 3627 morem
853 3592 944 3644 gerere
959 3577 1107 3646 contingit,
1129 3574 1228 3645 perdit
1264 3575 1313 3626 His
1327 3590 1388 3624 vero

301 3643 341 3693 ita
361 3647 494 3712 peractis,
513 3648 626 3697 Romani
647 3645 758 3716 quidem
775 3647 879 3714 optima
900 3663 948 3715 spe
974 3646 1051 3715 pleni
1069 3653 1172 3707 erant,
1197 3662 1226 3696 se
1244 3647 1274 3697 in
1294 3652 1386 3715 poste-

213 3743 218 3754 «
302 3729 362 3764 rum
379 3715 460 3768 saoile
486 3717 640 3785 superiores
660 3717 784 3779 futuros,
808 3716 832 3767 si
853 3716 969 3768 fortasse
991 3716 1103 3768 barbari
1123 3716 1259 3785 proelium
1283 3717 1390 3766 instan-

303 3785 527 3841 rsre'tentarent.
558 3787 704 3858 Quotquot
716 3801 781 3838 vero
795 3787 917 3854 ipsorum
935 3788 966 3839 iu
984 3787 1111 3839 conflictu
1130 3787 1284 3855 perierant,
1302 3786 1390 3856 (erant

304 3859 396 3904 autem
410 3873 466 3908 nou
486 3859 627 3925 pauciores
647 3855 853 3927 ducentis),eos
875 3855 1069 3910 honestissime
1087 3857 1264 3926 sepelierunt,
1281 3854 1391 3907 laudata

305 3937 400 3974 eorum
425 3930 608 3992 strenuitate,
630 3930 733 4000 quippe
755 3927 805 3998 qui
825 3935 857 3980 ut
873 3927 926 3978 viri
947 3928 1056 3981 sortiter
1073 3945 1130 3980 rem
1151 3928 1320 3996 gessissent:
1339 3925 1391 3976 ho-

305 3994 390 4044 stium
410 4010 474 4046 vero
497 3998 624 4052 cadavera
648 3999 815 4069 spoliarunt,
840 4005 870 4050 et
895 3998 1034 4067 ingentem
1062 4015 1197 4050 armorum
1220 3999 1392 4065 aliarumque

305 4079 397 4118 rerum
420 4065 474 4114 vim
497 4070 708 4136 requisiverunt
746 4067 843 4138 Neque
863 4069 938 4122 euim
958 4077 1034 4121 scuta
1061 4075 1090 4120 et
1114 4067 1211 4118 loricas
1234 4076 1341 4123 tanturn
1363 4070 1393 4115 et

305 4132 445 4202 pharetras
469 4139 596 4198 sonnatii
618 4157 757 4195 caesorum
785 4137 950 4208 gestabam
975 4137 1023 4191 sed
1047 4147 1075 4192 ot
1102 4145 1214 4207 torques
1239 4153 1337 4190 aureos
1362 4141 1392 4185 et

307 4205 421 4269 monilia
440 4213 468 4263 et
493 4207 601 4268 inaures
631 4211 738 4283 aliaque
758 4208 789 4262 id
815 4225 898 4278 genus
912 4209 1059 4264 muliebria
1087 4208 1283 4280 exquisitaque
1309 4221 1392 4268 orua-
