3109 4950
325 257 407 345 126
730 288 734 295 ·
774 246 986 359 resimas
1032 314 1042 323 ,

179 446 211 502 α.
226 446 317 527 0554
403 434 460 523 ιη’.
496 436 596 507 Ἀλλά
616 440 678 529 γάρ
697 444 823 531 βραχέα
844 435 925 509 dara
948 446 1025 534 περὶ
1044 452 1195 537 Χοσρόσα
1218 454 1399 540 διεξελδάν,

208 518 431 601 Μαιἀόταια
452 534 548 621 ἔγωγε
569 538 627 605 evat
648 538 687 607 τά
710 542 850 629 πρότερα
870 543 927 609 καί
940 543 980 630 δὴ
998 545 1152 633 ἐπανήξω.
1180 552 1318 635 δμνοῦσι
1336 554 1398 642 γάρ

316 631 415 701 αὐτόν
432 640 489 701 κατ’
507 630 642 721 άγανται
653 642 736 727 πέρα
753 643 808 727 τῆς
825 642 934 723 άξίας,
963 644 1007 729 μὴ
1027 641 1076 711 ότι
1091 647 1121 712 οἱ
1139 653 1288 736 Πέρσαι,
1315 652 1397 719 ἄλλά

288 737 373 808 Duas*
387 732 464 802 ἔνιοι
483 737 547 800 τῶν
571 736 758 822 Ῥωμαίων,
786 739 832 815 ιδς
849 736 950 825 λόγων
966 742 1119 830 ἐραστὴν,
1138 747 1195 813 καί
1207 750 1397 838 φιλοσοφίας

237 850 269 907 v.
279 835 374 921 ηοτῆς
395 837 468 919 παρ’
476 834 552 918 ἡμῖν
568 836 601 911 ἐς
611 830 706 924 dapes
716 836 863 921 ἐλθόντα,
877 846 1158 927 μεταβεβλημένων
1169 842 1257 937 urire?
1270 845 1415 915 ὖπότοοό

312 934 348 1009 ἐς
360 930 416 1017 τὴν
424 935 572 1020 Περσίδα
587 935 696 1021 φωνὴν
710 940 774 1003 τῶν
781 935 968 1023 Ἑλληνικῶν
984 944 1245 1028 ξυγγραμμάτων.
1263 947 1319 1013 καί
1330 949 1398 1013 τοί-

311 1056 370 1097 νυν
386 1033 501 1118 φασίν,
516 1026 566 1097 ότι
582 1032 621 1119 δὴ
642 1031 712 1103 ὅλον
730 1035 786 1101 τόν
806 1042 1010 1125 Σταγειρίτην
1027 1043 1190 1110 καταπιών
1210 1042 1258 1130 εἴη
1275 1051 1397 1130 μάλλον

310 1122 484 1217 ἢὸῥήτωρ
508 1130 721 1212 ὄΠαιανιεός
741 1134 795 1201 τόν
818 1135 968 1223 Ὀλόρου,
1002 1142 1067 1205 τῶν
1087 1165 1123 1206 τε
1147 1144 1319 1222 Πλάτωνος
1340 1145 1397 1214 cmi

306 1228 498 1315 Ἄράττωνος
519 1230 756 1319 ἀναπέπλησται
772 1234 953 1318 δογμάτων,
984 1237 1040 1301 καί
1057 1230 1129 1303 οὔτε
1146 1236 1165 1305 ό
1182 1244 1313 1325 Τίμαιος
1334 1243 1398 1309 αὖ·

311 1326 369 1393 τὸν
386 1322 595 1414 άπαδράσειεν
616 1325 672 1413 dv,
700 1336 730 1397 εἰ
746 1336 803 1399 κατ’
822 1332 952 1420 σφόδρα
969 1342 1133 1424 γραμμικῇ
1151 1341 1271 1430 θεωρία
1285 1344 1435 1407 nauel-1⁰

311 1433 436 1509 κιλται,
465 1429 522 1493 καί
538 1427 596 1507 τάς
614 1434 671 1514 τῆς
688 1431 814 1517 φάσεως
833 1431 994 1516 άνιχνεάει
1008 1434 1160 1521 κινήσεις,
1191 1432 1295 1504 edred
1313 1440 1396 1505 Φαί-

311 1528 391 1608 δων,
413 1518 512 1592 edred
529 1530 683 1614 Γοργίας,
705 1530 862 1611 οὐμενοῦν
881 1527 955 1596 οὐδὲ
971 1525 1064 1611 ἄλλος
1081 1560 1131 1613 τις
1146 1538 1207 1603 τῶν
1224 1542 1396 1626 γλαφυρῶν

310 1648 346 1689 τε
368 1623 423 1690 καί
441 1627 665 1715 άγκαλατίρων·
687 1626 857 1713 διαλόγων,
885 1628 1001 1717 ὁποῖος,
1021 1628 1122 1717 οἶμαι,
1142 1632 1160 1699 ὃ
1179 1641 1394 1724 Παρμενιδης.

308 1720 370 1809 ἐγώ
392 1726 427 1791 δὲ
452 1719 554 1801 οὕτως
577 1725 672 1801 αὐτόν
699 1721 816 1815 άριστα
849 1728 934 1812 ἔχειν
955 1734 1120 1815 παιδεάις,
1142 1734 1317 1800 καὶταῦτα
1338 1738 1395 1822 τῆς

309 1820 503 1909 ἀκροτάτης,
525 1819 582 1888 οὐκ
600 1817 638 1890 άν
653 1850 726 1892 ποτε
749 1829 898 1913 οἶηθείην.
926 1832 994 1907 παῖς
1011 1832 1073 1911 μὲν
1090 1829 1149 1918 γάρ
1172 1829 1239 1901 οἷόν
1252 1858 1286 1899 τε
1299 1829 1339 1921 ἧν
1353 1832 1435 1899 edri

309 1920 482 2008 ἀκραιφνὲς
498 1926 598 1991 ἐκεῖνο
621 1929 684 1991 τῶν
705 1930 849 1992 παλαιῶν
870 1926 1034 2011 ὀνομάτων
1053 1930 1109 1995 καί
1121 1933 1303 2019 ἐλευθέριον
1309 1986 1321 2015 ,
1341 1932 1397 1998 καί

139 2098 141 2110 Ι
231 2020 387 2107 Ρ,67πρός
407 2046 442 2105 γε
462 2023 502 2110 τῇ
517 2027 580 2089 ταῖν
596 2025 784 2112 πραγμάτων
802 2025 898 2112 φάσει
910 2026 1089 2114 πρόσφορόν
1106 2052 1140 2094 τε
1163 2034 1218 2094 καί
1237 2029 1395 2118 ἐπικαιρό-

307 2142 423 2202 τατον,
445 2120 539 2211 άγρίρι
558 2124 623 2189 τινί
645 2122 763 2214 γλώττῃ
781 2126 836 2189 καί
853 2126 1056 2213 άμουσοτάτη
1077 2127 1303 2214 άπασωθῆναι;
1327 2132 1394 2207 πῶς

307 2222 344 2285 δὲ
360 2212 400 2287 όν
417 2213 496 2307 άνὴρ
514 2227 662 2313 βασιλείῳ
680 2221 771 2314 τάφῳ
797 2224 972 2289 ἐκπαίδων
989 2228 1045 2289 καί
1066 2228 1211 2315 κολακεία
1224 2230 1323 2315 πολλῇ
1342 2252 1394 2312 γε-

304 2324 492 2405 γανωμένος,
510 2320 636 2389 δίαιτάν
650 2348 684 2387 τε
692 2322 800 2407 λαχών
815 2326 849 2401 ἔς
869 2318 895 2405 ό,
910 2350 943 2388 τι
953 2326 1232 2411 βαρβαρικωτάτην
1247 2329 1302 2390 καί
1316 2322 1438 2414 πρὸςαα

379 2466 401 2504 r.
423 2446 546 2503 διελθών
562 2451 592 2501 Β.
653 2449 677 2502 8.
698 2446 796 2502 dante
814 2443 977 2507 Παιανιεὺς
997 2467 1049 2502 om.
1069 2450 1144 2503 Suid
1164 2469 1185 2502 s.
1204 2466 1230 2506 v.
1253 2450 1393 2524 Χοσρόης.

375 2515 428 2572 τόν
445 2517 480 2571 Ὀ.
499 2521 527 2570 ll.
544 2526 572 2570 et
589 2518 744 2582 8οἰι1.,τιῦν
758 2521 795 2572 ³0.
814 2522 886 2591 vulg.
943 2535 982 2573 to.
999 2520 1182 2592 γραμματικῇ
1204 2524 1233 2572 R.
1306 2526 1344 2577 13.
1363 2537 1395 2574 τε

376 2588 440 2641 add.
460 2606 494 2642 ea
513 2591 544 2640 ll.
605 2588 686 2660 οἶμαι
707 2607 759 2642 om.
780 2590 856 2643 Suid.
930 2592 968 2643 15.
987 2591 1042 2662 μὲν
1062 2609 1114 2645 om.
1132 2592 1213 2643 idem,
1286 2596 1326 2646 16.
1344 2595 1396 2644 καλ

375 2668 439 2711 ante
457 2658 548 2710 ἐλευδ.
568 2676 621 2711 om.
645 2660 728 2720 idem.
776 2663 815 2713 18.
834 2659 1016 2732 δμοασοτάτη
1037 2663 1083 2724 lb,
1100 2657 1288 2732 δμουσοτάτφ
1307 2663 1396 2732 vulg,

376 2727 549 2797 δμουσότητι
569 2730 644 2782 Suid.
720 2747 758 2800 ¹9·
773 2728 811 2784 άν
829 2731 904 2783 delet
930 2731 1006 2783 Suid.
1083 2733 1292 2804 γεγανναμένος
1315 2732 1391 2786 said

374 2797 508 2858 ltus.
526 2798 553 2854 h.
572 2801 632 2870 ipsa
653 2816 727 2855 voce.
799 2819 841 2854 ao.
861 2799 1019 2874 βαρυτάτην
1037 2801 1114 2854 Suid·
1144 2841 1146 2845 -

376 2938 419 2992 aa.
458 2937 585 2990 Ceterum
600 2938 649 2989 ubi
660 2938 776 3006 paucula
794 2937 928 3010 quaedam
941 2936 976 2990 de
992 2935 1114 3003 Chosroe
1137 2951 1393 3004 commemoravero,

306 3009 399 3060 statim
417 3007 452 3058 ad
474 3009 564 3076 priora
590 3007 694 3061 redibo.
731 3009 934 3079 Depraedieant
956 3010 1029 3061 euim
1047 3011 1126 3061 illum
1144 3018 1227 3080 atque
1253 3009 1392 3062 admiran-

305 3086 351 3132 tur
371 3096 451 3147 supra
477 3079 562 3146 ipsius
588 3081 716 3131 meritum
744 3098 802 3133 uon
817 3089 926 3132 tantum
945 3082 1054 3142 Persae,
1081 3079 1129 3132 sed
1147 3088 1176 3132 et
1192 3081 1321 3130 nonnulli
1337 3082 1394 3132 Ro-

304 3165 455 3212 manorum,
472 3149 559 3200 veluti
569 3150 722 3202 litterarum
733 3159 890 3214 amatorem,
909 3151 1014 3221 quique
1025 3150 1060 3202 ad
1074 3149 1267 3219 philosophiae
1282 3159 1393 3202 nostrae

307 3220 415 3272 culmen
442 3219 573 3280 evaserit,
593 3237 653 3272 cum
675 3220 701 3272 ei
725 3221 894 3274 Graecanica
914 3223 1016 3290 scripta
1032 3220 1066 3272 ab
1088 3222 1239 3289 interprete
1300 3220 1394 3287 opiam

303 3288 334 3340 in
341 3289 474 3342 Persicam
487 3290 703 3358 liuguamessent
716 3307 850 3343 conversa.
864 3292 950 3343 Aiunt
957 3292 1063 3362 itaque,
1073 3291 1146 3362 quod
1158 3298 1246 3342 totum
1256 3239 1393 3342 dilictote-

300 3357 356 3410 lem
366 3360 463 3410 melius
479 3359 606 3423 ebiberit,
620 3379 701 3430 quam
717 3362 915 3414 Demosthenes
930 3360 1137 3428 Thucydidem,
1150 3359 1279 3431 quodque
1298 3361 1392 3412 Plato·

301 3431 372 3484 nicis
391 3429 562 3499 dogmatibus
573 3438 647 3482 totus
662 3432 776 3484 refertus
787 3433 881 3494 fucrit,
900 3430 968 3482 adeo
976 3440 1006 3482 ut
1020 3449 1055 3483 ne
1065 3431 1194 3482 Timaeus
1226 3429 1321 3482 uidem
1332 3433 1392 3484 eius

301 3499 510 3570 intelligentiam
523 3499 727 3570 subterfugerit,
745 3503 854 3555 tametsi
863 3501 963 3552 lineari
974 3503 1160 3570 speculatione
1171 3449 1249 3552 vaide
1258 3501 1296 3552 sit
1309 3518 1391 3571 argu-

300 3577 345 3624 tus
368 3579 396 3623 et
417 3579 531 3622 naturae
547 3578 637 3622 motus
657 3572 815 3640 investiget,
833 3571 882 3624 sed
899 3587 990 3642 neque
1010 3571 1136 3634 Phaedo,
1153 3587 1243 3641 neque
1265 3570 1390 3640 Gorgias,

300 3656 392 3712 neque
405 3642 475 3694 alius
513 3641 638 3710 uinquam
656 3658 690 3694 ex
706 3640 923 3710 elegantioribus
936 3650 964 3692 et
972 3640 1176 3693 difficilioribus
1193 3641 1280 3709 ipsius
1299 3641 1390 3693 dialo-

300 3711 350 3778 gis,
365 3713 462 3781 qualis,
479 3728 508 3762 ar
529 3711 605 3773 itmr,
619 3712 848 3764 estParmenides.
871 3713 927 3780 Ego
940 3727 1003 3762 vcro
1021 3729 1083 3763 eum
1095 3711 1218 3764 doctrina
1231 3711 1391 3780 praeditum

300 3779 386 3832 fuisse
412 3792 440 3834 et
465 3780 577 3853 quidem
604 3796 716 3844 summa,
742 3798 916 3852 nequaquam
936 3780 1107 3833 crediderim.
1151 3781 1207 3850 Qui
1235 3783 1309 3832 enim
1327 3783 1389 3834 fieri

300 3856 423 3918 poterat,
443 3859 474 3902 ut
488 3852 592 3921 puritas
612 3850 659 3902 illa
676 3859 800 3904 veterum
818 3851 960 3905 nominum
978 3859 1006 3903 et
1027 3854 1119 3904 nativa
1137 3851 1239 3921 gratia,
1260 3858 1287 3902 et
1305 3867 1388 3918 prae-

300 3926 375 3971 terea
392 3938 481 3973 rerum
504 3922 625 3992 ipsarum
643 3929 757 3973 naturae
783 3939 934 3991 congruens
959 3920 1094 3992 valdeque
1118 3919 1338 3984 accommodata,
1357 3923 1389 3974 in

299 3984 399 4058 agresti
419 3989 536 4061 quadam
556 3999 583 4044 et
600 3991 771 4060 ineptissima
784 3993 878 4061 lingua
895 3991 1118 4045 conservaretur?
1137 3991 1201 4061 Quo
1218 4008 1283 4043 vero
1302 3993 1389 4042 etiarn

299 4065 380 4184 paeto
398 4061 439 4112 vir
459 4060 532 4128 regio
552 4061 657 4114 fastua
683 4079 768 4132 puero
787 4064 929 4134 multaque
958 4063 1144 4115 assentatione
1170 4060 1327 4125 delibutus,
1358 4069 1389 4115 et

320 4127 445 4182 arbatum
471 4129 597 4198 inprimis
623 4131 696 4186 vitae
721 4149 806 4202 genus
831 4141 949 4186 sectatus
973 4140 1008 4201 et
1032 4133 1107 4184 bella
1120 4148 1243 4202 „semper
1265 4131 1388 4200 proelia-

298 4201 486 4273 quasplures,
504 4216 558 4273 quo
575 4203 800 4275 pacto,iuquam,
819 4201 868 4275 qui
886 4204 925 4257 lta
942 4204 1026 4266 sitam
1044 4203 1177 4270 instituit,
1194 4201 1323 4261 videatur
1332 4201 1389 4255 ali-
