3109 4950
479 377 481 384 ·
573 323 828 404 rarissimo.⁸
1211 342 1252 402 xr

180 491 249 546 thiss
268 495 376 556 autem,
395 498 477 563 atquc
496 492 554 562 ipse
573 493 727 563 Procopius,
743 493 824 561 longe
840 491 953 561 propius
971 489 1004 544 ad
1021 491 1159 546 inferioris
1178 493 1252 545 iliius

179 611 262 666 quum
286 595 321 648 ad
336 593 439 665 probae
457 591 551 647 aetatis
575 597 717 664 scriptores
740 593 881 648 accedunt.
917 592 972 646 Sed
988 593 1035 645 illa
1057 611 1109 660 res,
1126 603 1158 646 ut
1173 594 1253 665 plura

177 697 232 748 alia
256 713 327 768 quae
349 697 378 750 in
397 699 508 750 summis
527 696 637 754 dicendi
662 697 817 752 auctoribus
836 706 1023 766 magnasunt,
1044 699 1074 750 in
1096 695 1251 749 huiusmodi

176 799 255 852 libris
272 799 379 852 minimi
396 801 526 853 momenti
543 808 591 853 est.
626 801 662 854 Ut
675 807 766 853 tamen
779 815 873 853 rerum
891 800 1036 868 conlitear3
1054 803 1128 870 ipse,
1144 799 1251 870 perspi-

178 903 287 955 cuitatis
303 903 407 974 grstia,
436 903 534 957 tacitus
550 901 652 955 mutavi
669 899 744 973 quod
764 919 779 954 a
796 902 934 970 scriptoris
952 901 1143 972 orthographia
1159 901 1251 969 proie-

177 1013 250 1058 ctum
270 1021 402 1059 essenon
422 1005 536 1058 dubito:
552 1005 666 1077 μέλλειν
687 1005 760 1057 enim
777 1019 883 1073 semper
900 1005 930 1056 in
947 1013 1064 1075 utroque
1083 1005 1176 1056 codice
1194 1021 1249 1056 unc

177 1116 282 1160 tantum
300 1109 316 1176 i
333 1105 469 1160 scribitur.
503 1107 597 1178 Neque
613 1107 696 1177 magis
711 1103 885 1158 indicandum
904 1121 962 1158 esse
980 1074 1076 1176 ’putari
1101 1107 1209 1176 quoties
1226 1105 1253 1158 ii

177 1206 383 1284 ἔφελκυσῃκόν
402 1227 436 1264 ex
456 1209 547 1263 codice
562 1209 697 1267 adderem.

243 1314 442 1382 Epigrammata
460 1312 579 1366 libenter
607 1313 770 1366 omisissem:
802 1331 885 1384 quum
902 1315 1020 1368 retinere
1043 1327 1154 1364 nccare
1172 1315 1250 1373 esset,

155 1413 259 1481 ¹multo
278 1415 356 1484 plura
374 1421 403 1468 et
422 1414 605 1467 emendatiora
630 1415 665 1467 iis
688 1413 753 1468 dedi
771 1431 841 1486 quse
862 1415 1011 1469 Vulcanius
1033 1431 1067 1467 ex
1088 1412 1249 1482 Anthologia

178 1515 312 1570 Planudea
326 1517 487 1586 collegerat:
505 1524 600 1570 cuncta
617 1518 721 1570 scilicet
732 1535 803 1588 quae
820 1520 850 1571 in
858 1519 979 1572 Palatina
994 1524 1098 1570 servata
1110 1523 1181 1578 sunt,
1199 1515 1249 1567 ad-

178 1618 240 1672 ditis
264 1621 298 1674 iis
314 1637 383 1692 quae
406 1619 540 1690 incapite
561 1622 628 1692 saepi
649 1619 768 1676 εἰκόνων
782 1621 933 1686 exstabant,
953 1638 1008 1694 quo
1026 1620 1135 1690 plenior
1151 1618 1250 1670 habuit

172 1721 304 1776 Pisandes
320 1741 401 1795 quam
415 1741 465 1777 nos
483 1725 701 1793 epigrammatum
718 1723 887 1776 collectionis
904 1722 1065 1792 exemplum.
1083 1722 1115 1772 ln
1131 1721 1174 1772 his
1193 1719 1249 1772 cri-

172 1826 256 1880 ticum
278 1845 334 1882 non
354 1830 413 1898 egi,
433 1829 486 1882 uisi
502 1827 576 1900 quod
591 1828 732 1897 perpaucis
750 1827 817 1880 iocis
834 1835 883 1880 aut
899 1827 1015 1880 aliorum
1031 1823 1249 1877 emendationem

174 1937 223 1982 ant
238 1929 397 1982 Planudeam
414 1930 559 1984 lectionem
575 1931 712 1984 Palatinae
732 1932 858 2001 praetuli.
894 1931 1003 1994 Latina,
1021 1927 1104 1998 elegia
1122 1942 1248 1996 compre-

173 2029 275 2094 hensa,
307 2049 376 2102 quse
396 2034 526 2103 Iosephus
546 2034 675 2106 Scaliger,
701 2044 783 2107 atque
803 2009 995 2088 lanus'Dousa
1019 2049 1033 2086 e
1054 2032 1154 2101 graecis
1174 2030 1245 2099 Aga-

172 2131 246 2186 thiae
261 2135 393 2200 fecerunt,
411 2137 439 2192 in
451 2139 569 2193 virorum
581 2137 710 2192 honorem
728 2140 844 2192 retinui:
863 2157 918 2210 quo
932 2140 1003 2190 facto
1017 2153 1052 2189 ne
1071 2136 1121 2187 ilia
1134 2133 1246 2204 quidem

172 2237 258 2290 omitti
271 2245 421 2307 potuerunt
435 2239 545 2310 quaein
560 2239 655 2292 eodem
668 2256 765 2309 genere
780 2241 906 2303 coniecit,
919 2238 1080 2310 addiditque
1088 2238 1245 2292 Vulcanius.

235 2339 285 2391 His
309 2341 458 2409 expositis,
485 2340 540 2394 iam
561 2341 643 2393 finem
667 2342 832 2411 praefationi
860 2342 974 2404 inciam,
1008 2356 1091 2410 quum
1111 2337 1145 2389 de
1165 2338 1244 2390 libris

170 2459 234 2514 quos
258 2441 390 2509 adhibui,
412 2444 540 2518 sigllaque
562 2461 629 2517 quas
653 2446 684 2501 in
698 2444 809 2501 scholiis
826 2444 908 2518 posui
924 2459 994 2517 quae
1008 2441 1159 2497 necessaria
1179 2447 1244 2493 sunt

173 2548 327 2616 exposuero.

236 2650 264 2700 li.
281 2648 375 2704 Codex
389 2649 604 2723 Rehdigesanus:
628 2652 798 2706 chartaceus:
818 2654 935 2724 scriptus
948 2651 1020 2717 circa
1034 2666 1135 2703 annum
1152 2652 1236 2715 1560,
1305 2705 1308 2711 ,

168 2750 294 2820 impensis
301 2751 423 2805 Thomae
431 2752 585 2824 liehdigeri,
602 2755 631 2807 in
645 2755 739 2822 Italia3
758 2754 913 2826 etquidem
927 2754 1023 2824 procul
1035 2751 1241 2821 dubioiiomae5

166 2870 182 2903 a
198 2852 299 2907 duobus
321 2855 443 2908 tribusve
462 2856 688 2921 amanuensibus,
714 2855 795 2910 credo
810 2855 996 2909 bibliothecae
1014 2856 1161 2908 Vaticanus
1176 2856 1240 2907 scri-

163 2955 303 3025 ptoribus:
327 2973 443 3029 quorum
458 2950 554 3013 saltem
575 2960 691 3029 primum
709 2958 794 3012 tuisse
812 2959 945 3011 Graecum
961 2975 995 3010 ex
1015 2957 1142 3011 ductibus
1166 2958 1238 3011 clare

161 3068 258 3129 pstet3
287 3069 439 3131 postremus
466 3070 556 3115 autem
581 3064 733 3133 alienigena
758 3063 830 3126 suit,
859 3077 1024 3134 graecasque
1047 3062 1156 3132 linguae
1179 3062 1237 3114 sere

163 3162 244 3215 rudis.
279 3166 448 3235 Exscriptum
465 3183 523 3218 esse
542 3182 575 3217 ex
589 3165 682 3219 codice
701 3166 831 3219 Vaticano
849 3183 906 3217 non
921 3165 1029 3228 dubito,
1047 3181 1100 3233 quo
1120 3165 1236 3216 Persona

162 3282 225 3319 usus
244 3268 337 3321 suerit.
373 3268 622 3339 Interpunctionem
638 3267 672 3319 ad
691 3285 799 3321 sensnm
813 3267 1040 3321 accommodatam
1055 3266 1101 3318 vix
1124 3282 1237 3337 usquam

68 3418 72 3427 ,
161 3366 252 3431 habet,
269 3366 317 3421 sed
331 3371 483 3423 interiectis
504 3371 623 3441 septenis
639 3371 682 3423 vel
699 3372 804 3423 octonis
817 3372 854 3439 pi.
865 3387 900 3421 m.
918 3368 1057 3421 vocabulis
1071 3376 1170 3440 puncta
1182 3387 1234 3438 po-

160 3472 210 3522 uit.
243 3474 275 3525 In
292 3474 413 3545 margine
428 3477 607 3527 correctiones
625 3483 672 3527 aut
685 3474 851 3527 coniecturas
865 3472 978 3526 exhibet
994 3473 1147 3535 nonnullas,
1168 3489 1233 3542 quas

160 3574 353 3629 Leuuclavium
370 3585 507 3631 auctorem
522 3575 623 3631 hahere
648 3576 744 3641 credo,
767 3577 815 3649 qui
834 3592 896 3628 eum
911 3593 933 3628 a.
955 3574 1234 3645 1576.uten‹io1nac·

152 3686 270 3747 ceperat
308 3678 398 3751 Quem
411 3679 532 3733 codicem
544 3698 628 3753 quum
637 3680 784 3733 Vulcanius
796 3697 886 3732 secum
905 3679 1099 3731 communicari
1116 3688 1232 3749 peteret,

151 3795 313 3851 :responsum
332 3792 373 3837 est
394 3802 456 3837 eum
473 3802 529 3838 non
552 3802 718 3855 comparere:
737 3802 826 3856 neque
841 3783 871 3835 id
891 3784 976 3836 falso:
999 3782 1141 3851 inscriptio
1158 3784 1231 3834 enim

151 3889 266 3936 testatur
299 3902 371 3939 anno
398 3886 505 3941 demum
534 3890 607 3943 1658.
630 3890 727 3941 iterum
748 3889 854 3941 illatum
889 3903 947 3939 esse
975 3887 1005 3937 in
1036 3885 1231 3939 bibliothecam

151 3983 367 4056 Rehdigeranam
392 4007 407 4040 a
433 3989 586 4044 Christiano
608 3990 762 4045 Hoimauno
787 3990 822 4041 ab
842 3977 1113 4053 Hoimannswsldau,
1141 3997 1225 4060 poeta

145 4088 256 4141 insulso
276 4096 305 4142 et
326 4091 478 4161 abacorum
502 4102 530 4147 at
552 4097 628 4160 cive,
655 4093 771 4147 ut'hinc
791 4093 918 4164 colligere
938 4095 1020 4157 iicet,
1046 4110 1103 4145 non
1124 4094 1227 4146 inutili.

222 4190 307 4261 bugd.
327 4194 537 4265 Lugdunensis,
563 4196 749 4251 bibliothecae
770 4195 958 4264 academicae,
994 4198 1035 4266 54·
1055 4196 1126 4250 inter
1144 4194 1228 4248 libros
