3109 4950
486 352 768 421 maronianum
796 359 821 418 ι.
842 358 892 427 17.
1168 326 1218 412 51

140 506 181 585 cic
195 506 330 591 τάχιοτα
352 496 424 595 ᾔει,
453 503 568 596 μόχθῳ
590 510 625 572 δέ
640 505 697 587 ξῦν
714 509 821 596 πολλῷ
836 506 893 571 καί
906 507 1063 596 δνρυπνόρ
1080 502 1139 592 τὴν
1163 522 1295 578 καλε
1337 525 1369 578 ia

141 608 226 695 ρείαν
254 608 430 671 ἐποιοῦντο.
459 599 623 691 ἀπόμοιρα
649 604 711 693 χόρ
733 610 796 671 νῦν
818 604 974 692 Φρόχχων
998 599 1060 670 ῦνόι
1088 602 1130 670 τό
1153 596 1305 693 τῇδεῙ·Ῑ·’

142 705 231 770 πεδία
250 700 398 791 ἐφοίτων;
413 704 510 786 χιλοῦ
526 726 560 768 τε
578 706 665 770 ἕνεκα
684 703 740 768 καί
749 708 806 788 τῆς
824 703 921 787 λείας,
939 700 979 789 ἢν
996 704 1031 767 ἐκ
1041 705 1106 768 νῦν
1121 698 1229 789 όγροῦν

142 798 332 891 ῦφῃροῦντο.
361 799 484 887 νύκτωρ
506 805 676 889 τοιγαροῦν
698 801 730 867 οἱ
754 800 914 885 Ῥωμαῖοι
932 800 973 867 τοὶ
996 810 1128 870 πλεῖστα
1140 799 1229 885 dxci..

127 906 235 991 ὅροιν,
264 904 532 989 ξυνεστραμμένοι
550 925 584 965 τε
604 900 659 967 ἐπὶ
671 905 757 989 σφᾶς
773 897 1229 989 καίέλλὴλουςόπισθορνυλα.

141 1008 271 1083 κιόντες,
292 996 344 1085 οῦς,
361 1001 392 1065 εἰ
406 997 524 1085 δεήσοι,
542 998 597 1065 καί
612 1000 829 1084 διαμάχεσθαι
853 996 911 1065 οῦκ
931 997 1147 1088 ἀπαράσκευοι
1164 1025 1229 1088 φα-

141 1097 314 1185 υησόμενοι.
334 1098 471 1183 οἰμωγαί
493 1100 528 1165 δὲ
544 1094 693 1185 ἦκοῦοντο
709 1102 773 1166 τεόν
793 1096 965 1187 ῦχροίκων,
986 1097 1043 1165 καί
1053 1098 1228 1184 μυκήματα

140 1200 220 1283 βοῦν
250 1193 527 1280 ἀπελαυνομένων,
565 1196 620 1263 καί
644 1196 781 1283 πάταγοι
799 1202 857 1284 τῆς
876 1194 956 1284 ῦλης
974 1200 1253 1282 decemviratum

141 1295 194 1361 καί
206 1304 274 1373 τοϊς
284 1293 443 1372 τοιούτοις
461 1298 571 1371 δεινοῖς
586 1296 789 1381 πανταχόθεν
805 1297 1116 1385 παραβομβοόμενοι,
1136 1293 1229 1379 μόλις

104 1397 182 1471 roie-
193 1394 390 1479 Φοβέντειόν
414 1418 449 1459 τε
469 1392 523 1460 καί
539 1393 576 1461 τό
602 1394 817 1484 στρατόπεδον
835 1398 949 1462 ἵκοντο.
977 1392 1049 1463 τότε
1063 1394 1102 1481 δὴ
1118 1388 1176 1459 oda
1194 1398 1229 1471 ἐς

139 1490 217 1580 dipsa
232 1492 336 1561 ἐλθιόν
353 1502 417 1570 τοῖς
432 1504 628 1583 στρατηγοῖς,
648 1496 713 1579 „vl
723 1495 761 1583 δὴ
777 1498 912 1579 ταῦτα,”
934 1494 998 1583 ἔφη
1017 1492 1034 1559 ό
1050 1499 1226 1582 Στέφανος,

139 1589 190 1679 ,τό
199 1603 348 1678 γενναῖοι,
358 1591 551 1671 πεπόνθατε,
573 1596 636 1659 ποῦ
648 1597 683 1659 δὲ
695 1597 759 1661 τῶν
773 1600 937 1683 προτέρων
954 1591 1084 1681 ἔρχωυῆ
1101 1585 1229 1659 εῦκλεια

140 1694 196 1759 καί
214 1690 234 1778 ἦ
251 1696 316 1758 τιῦν
331 1691 492 1759 τοσοότων
509 1694 671 1781 τροπαίων
692 1692 861 1779 ὃμολοχιόις
894 1698 963 1771 πῦς
982 1697 1019 1759 δέ
1036 1686 1078 1759 όν
1097 1695 1229 1780 Ναρσῆς

140 1789 327 1867 Λουκανοός
351 1814 386 1855 τε
405 1794 489 1875 ἐλαι,
515 1792 570 1859 καί
584 1790 625 1860 τοὶ
644 1790 732 1870 ἐντός
753 1786 900 1860 Ἄλπεων
921 1789 1047 1859 ἅπαντα
1060 1788 1226 1879 παραστή-

104 1902 243 1975 ιὸσοιτο,
263 1888 353 1972 ῦμῦν
370 1914 405 1976 χε
424 1892 595 1976 μονονουχὶ
610 1887 716 1979 ιόσπερ
734 1894 768 1958 ἐν
784 1890 953 1978 ξυνθὴκαις
965 1890 1072 1963 διόδου
1090 1899 1156 1967 τοῖς
1172 1915 1231 1955 πο.

140 1988 261 2077 λεμίοις
276 1995 544 2075 παρασχομένων,
562 1990 618 2081 καί
635 1993 775 2079 ἐφέντων
787 1987 907 2075 αῦτοϊς,
927 1985 961 2057 οἶ
973 1989 1137 2075 βοόλοιντο
1158 1992 1229 2054 κατ’

138 2088 285 2165 ἐξουσίαν
295 2090 393 2171 ἰέναι,
413 2088 468 2155 καί
478 2089 539 2174 ἐγώ
558 2094 617 2173 μὲν
629 2086 722 2156 οῦδὲν
743 2116 777 2155 τι
793 2093 939 2177 φλαῦρον
950 2089 1071 2171 εἴποιμι
1084 2090 1118 2163 ἐς
1132 2085 1230 2170 ῦμῦς,

138 2180 233 2263 ἄλλος
247 2189 283 2252 δέ
298 2212 347 2263 τις
357 2186 432 2264 ἴσως
448 2190 520 2275 ἐρεῖ
531 2189 690 2272 μαλακίαν
710 2185 791 2255 εἶναι
805 2187 844 2253 ’τό
852 2192 974 2274 χρῆμα,
989 2187 1044 2252 καί
1056 2189 1120 2251 νῦν
1141 2190 1228 2270 κοινῇ

137 2283 348 2353 συνσισόντοον
370 2282 551 2373 ὄλυχωρίαν.
584 2285 670 2372 εἰμὴ
689 2288 750 2373 γὰρ
771 2287 929 2375 φθόσοιτε
948 2288 1069 2349 θῦττον
1088 2279 1253 2368 ἐς,Πόρ-ῦ

95 2412 203 2471 ηομαν
215 2382 454 2469 ἐπανελθόντες,
475 2390 608 2475 Ναρσῆς
619 2390 678 2469 μὲν
699 2380 815 2452 οῦποτε
833 2381 941 2471 οἶνὴσει
956 2382 1160 2467 χαλεπαίνων,
1178 2380 1234 2446 καί
1302 2408 1310 2447 ι

209 2508 232 2544 1.
250 2490 299 2542 Ρεο
320 2487 365 2560 ᾔει
387 2492 416 2542 R.
442 2491 492 2554 εἴη.
561 2489 666 2562 μόχθῳ
685 2488 716 2544 δὲ
735 2494 764 2542 R.
786 2489 885 2561 bugd,
902 2486 1006 2560 μόχθῳ
1026 2482 1059 2552 δὴ
1079 2484 1143 2538 edd.
1202 2487 1227 2540 3.

206 2560 335 2629 ἐφοίτων
359 2559 408 2624 a,
431 2560 506 2612 Suid.
535 2578 555 2612 s.
581 2577 605 2611 v.
634 2560 799 2634 dndpospu:
834 2564 945 2630 ἐφοίτα.
1021 2554 1046 2623 ό.
1072 2543 1174 2612 νυκτός
1199 2555 1228 2604 li.

209 2630 235 2686 5.
255 2630 278 2680 τ’
297 2630 346 2682 ἐπὶ
364 2632 396 2689 Β.
474 2649 497 2700 7.
515 2629 668 2702 μηκόμαπα
687 2633 759 2702 vulg.
841 2634 867 2686 8.
884 2630 961 2699 βοῶν
977 2630 1007 2679 Β.
1026 2636 1055 2678 et
1071 2625 1147 2678 Suid.
1166 2644 1186 2677 ι.
1204 2640 1229 2674 v.

136 2701 139 2716 ⁸
209 2698 352 2822 πάραγοῗς,
368 2697 445 2770 vulg..
445 2701 514 2822 Pb&
530 2701 613 2822 βρῦν.
650 2701 780 2826 πρόταχρς
797 2700 873 2754 Suid.
909 2694 1231 2822 1ιο.ιιαὶτδ3στρατό-

210 2784 316 2892 ῦῦινοῦλ.
337 2787 441 2897 κονδῦο
460 2783 1026 2930 6,oququrqpqlcqqqscoqpodqqoqoyta.
1051 2782 1230 2906 Idtprdoddds'-

210 2913 379 2970 memoratio.
453 2861 499 2982 ad
510 2909 681 2970 Λουκανοδς
698 2915 727 2966 R.
746 2921 774 2966 et
792 2914 888 2982 Intpr,
906 2913 1026 2972 Λουκαν
1042 2908 1115 2989 νολς.

137 3003 225 3078 idque
238 3007 355 3060 maximo
372 3025 434 3060 cum
459 3007 555 3060 labore
585 3009 764 3080 maximisque
780 3009 892 3078 vigitiis.
905 3052 911 3058 .
926 3006 1051 3060 Francici
1063 3007 1137 3056 enim
1150 3020 1231 3056 exer-

137 3079 213 3136 citus
228 3093 290 3146 pars
304 3077 438 3149 quaedam
456 3078 637 3147 compositae
656 3095 749 3132 ornnes
774 3077 991 3147 pervagabatur,
1015 3073 1116 3145 partim
1138 3073 1232 3142 pabu-

142 3146 237 3209 landi,
263 3149 364 3216 partim
390 3147 508 3217 praedae
537 3163 571 3199 en
597 3149 667 3218 agris
692 3147 813 3218 agendae
841 3163 928 3210 causa.
965 3146 1054 3197 Noetu
1077 3145 1172 3212 itaque
1199 3149 1232 3194 ut

139 3217 294 3284 plurimum
309 3220 423 3270 Romani
440 3218 494 3270 iter
506 3217 659 3281 iaciebant,
678 3217 835 3287 conglobati
847 3219 919 3270 inter
939 3232 968 3268 se
1000 3222 1154 3283 mutuoque
1176 3210 1233 3263 sibi

139 3293 254 3354 tergum¹
270 3287 440 3350 munientes,
458 3305 508 3352 ne,
532 3289 557 3340 si
572 3286 749 3358 pugnandum
773 3295 861 3350 esset,
890 3286 1017 3355 imparati
1043 3280 1233 3352 deprebende-

141 3364 249 3410 rentur.
283 3358 410 3410 Eiulatur
435 3359 473 3410 ita
513 3375 528 3410 e
552 3359 697 3428 agrestium
717 3356 952 3418 exaudiebantur,
971 3361 999 3406 et
1014 3353 1099 3406 boum
1118 3351 1232 3404 abacto·

139 3443 207 3476 rum
231 3427 365 3496 mugitus,
393 3444 463 3498 eque
499 3429 648 3498 ignatione,
669 3443 752 3500 quam
770 3428 800 3477 in
820 3427 896 3478 silvis
914 3423 1062 3488 faciebant,
1079 3421 1186 3492 fragor,
1203 3427 1234 3472 et

139 3494 248 3549 talibus
267 3496 378 3568 quidem
396 3495 555 3551 horroribus
569 3501 644 3551 omni
664 3515 698 3550 ex
709 3506 787 3568 parte
805 3513 900 3549 eorum
917 3512 994 3548 aures
1009 3490 1231 3568 personantibus,

76 3581 79 3587 ·
141 3582 227 3634 aegre
243 3566 353 3620 taudem
375 3568 534 3620 Faventiam
551 3576 579 3622 et
601 3568 636 3620 ad
656 3569 805 3620 exercitum
821 3573 1012 3637 pervenerunt.
1047 3565 1119 3616 Tum
1134 3563 1230 3630 itaque

139 3652 207 3686 cum
230 3637 261 3690 in
277 3638 478 3706 praefectorum
494 3643 668 3710 conspectum
681 3639 815 3703 venisset,
840 3635 945 3709 Ecquid
959 3635 1041 3697 mali,
1058 3630 1151 3702 inquit
1165 3629 1231 3681 Ste-

138 3703 272 3774 phanus,
290 3721 338 3760 vos
351 3708 439 3776 cepit,
457 3726 474 3760 o
489 3707 560 3762 viri?
577 3708 626 3760 ubi
640 3725 704 3763 vero
716 3726 791 3762 nune
805 3708 1016 3776 praeteritorum
1029 3704 1163 3755 factorum
1171 3699 1231 3769 glo-

137 3776 201 3838 ria,
242 3785 272 3830 et
295 3784 339 3829 tot
363 3777 539 3832 victoriarum
563 3777 712 3832 iactantia?
739 3779 868 3848 Quonam
887 3778 952 3833 tero
979 3782 1059 3844 pacto
1079 3770 1178 3824 Narses
1201 3776 1231 3822 et

137 3843 246 3897 Lucam
276 3861 372 3916 capere
403 3854 431 3899 et
498 3865 529 3900 ae
547 3849 619 3900 intra
633 3849 716 3919 Alpes
730 3857 803 3910 runt,
817 3848 909 3900 omnia
921 3847 951 3897 in
971 3859 1048 3896 suam
1066 3848 1232 3910 potestatem

140 3915 271 3984 redigere
293 3917 398 3986 possit,
427 3934 462 3971 vo
483 3920 630 3970 intantum
654 3935 710 3970 non
731 3917 818 3974 veluti
842 3934 877 3969 ex
897 3921 977 3985 pacto
994 3912 1138 3964 transitum
1153 3909 1229 3963 hosti

141 3982 295 4049 dantibus,
324 3993 354 4038 et
373 4005 537 4059 quocunque
554 3989 627 4042 uelit
641 3986 726 4040 eundi
745 3995 908 4055 potestatem
926 3980 1111 4036 facientibus?
1134 3982 1229 4052 Atque

141 4069 197 4124 ego
223 4056 337 4126 quidem
361 4058 485 4111 acerbius
500 4057 572 4108 nihil
587 4059 616 4109 in
636 4075 684 4110 vos
702 4055 809 4121 dicam
832 4056 901 4106 aliua
917 4069 980 4105 vero
996 4053 1110 4105 forsitan
1127 4051 1229 4121 aliquis

145 4125 299 4179 mollitiem
326 4126 519 4197 ignaviamque
550 4126 652 4178 factum
671 4133 792 4179 vestrum
812 4123 1053 4195 interpretabitur,
1081 4130 1110 4174 et
1128 4137 1228 4182 rerum,

126 4211 216 4263 ,φερε
238 4194 275 4246 ad
294 4196 437 4266 publicum
452 4196 556 4248 bonum
572 4202 703 4266 spectent,
719 4197 880 4265 neglectum.
915 4194 975 4246 Nisi
985 4194 1059 4245 enirn
1076 4207 1157 4262 quam
1171 4189 1242 4257 pria.

132 4279 218 4334 anum
238 4265 363 4322 Parmani
381 4285 430 4326 vos
446 4267 619 4340 receperitis,
642 4265 740 4320 Narseo
759 4266 870 4338 quidem
888 4264 1120 4336 indignationem,
1146 4277 1229 4333 quam
