3109 4950
318 248 403 360 296
776 269 989 340 terrama

170 445 202 505 Α.
215 443 244 496 c.
259 429 350 513 εεγδς
367 419 402 508 δ,
428 450 459 492 τι
483 425 586 511 δήπου
609 425 774 512 ἡμάρτητο
799 424 1069 512 δπιφραυάμενοι,
1105 425 1161 512 τὴν,
1184 429 1243 509 μὲν
1264 424 1345 516 ἔιδον
1372 451 1406 494 τε

218 515 373 592 ιω’καί
393 519 543 612 ἔσπερίαν
564 520 669 608 άψῖδα
693 520 780 590 ositos
809 526 917 606 μένειν
943 524 1024 592 κατά
1047 527 1158 611 χώραν
1184 527 1314 615 ἐφῆκαν·
1348 531 1405 611 τῆς

317 627 354 692 δέ
369 619 512 714 άρκτῴας
530 648 565 690 τε
583 625 640 691 καί
657 622 762 698 νοτίοις
781 620 840 709 τήν
856 623 911 688 έπί
924 628 983 690 τοῦ
1002 623 1206 711 κυρτώματος
1225 627 1405 708 οἰκοδομίαν

316 721 397 812 πρός
415 722 456 790 τά
477 721 575 788 ἔνδον.
595 721 857 809 παρατείναντες,
891 726 946 788 καί
959 723 1135 808 εόρυτέραν
1152 719 1257 810 ἡρέμα
1272 721 1406 809 ποιησά-

313 846 403 903 μενοι
421 820 466 898 oie
481 822 603 902 μᾶλλον
618 817 842 906 άρμοδιώτατα
858 830 928 896 ταῖς
947 813 1057 900 άλλαις
1076 825 1331 903 συννενευκέναι,
1353 822 1424 896 καί5

280 917 474 1004 υδμολαγεῖν
496 919 554 1004 τὴν
570 917 756 1005 ἰσόπλευρον
772 915 929 1004 ἁρμονίαν
935 971 945 1001 ,
974 926 1169 1005 περιστεῖλαι
1186 918 1290 1009 ταότῃ
1311 921 1404 986 δεδό-

313 1042 423 1104 νηκται
441 1015 502 1102 τήν.
515 1020 573 1083 τοῦ
587 1017 766 1099 κενώματος
783 1011 954 1102 ἆμὲτρίαν,
983 1021 1039 1082 καί
1059 1018 1238 1100 όποκλέψαι
1252 1017 1359 1105 βρυχό
1373 1045 1405 1082 τι

313 1120 370 1206 τῆς
392 1114 549 1192 ἐκτάσεως
569 1119 684 1201 μέρος,
720 1111 834 1182 ὁπόσον
862 1111 1049 1202 ἑτερόμηκες
1076 1112 1252 1184 άπετελεῖτο
1283 1121 1403 1202 σχῆμα,

313 1210 399 1280 σάτα
416 1240 451 1280 τε
470 1216 520 1279 ἐπ’
537 1216 642 1284 ιιότών
658 1212 806 1300 ἥδρασαν
825 1213 918 1280 πάλιν
936 1213 993 1281 τόν
1009 1218 1044 1282 έν
1061 1219 1148 1312 μέσιρ
1164 1213 1404 1303 όπερανέχοιπυ,

313 1311 376 1379 εἴτε
400 1312 543 1396 κύκλον,
563 1311 626 1378 εἴτε
647 1310 877 1401 ἡμισφαίριον,
906 1311 969 1379 εἴτε
995 1312 1155 1403 ότιμδηοῦν
1180 1311 1311 1396 ὀνόματι
1330 1319 1441 1402 παρίο

313 1414 422 1490 αδτοῖς
442 1415 688 1498 έπικεκλημένον.
718 1416 774 1478 καί
791 1415 915 1496 γέγονεν
935 1415 1081 1478 ἐντεῦθεν
1108 1411 1235 1490 εἰκότως
1260 1412 1407 1500 ἰθότερος

313 1517 373 1595 μὲν
387 1511 445 1579 καί
457 1511 705 1596 εδεπόττροφος,
734 1509 790 1580 καί
810 1508 1013 1594 πανταχόθεν
1036 1515 1076 1604 τῇ
1095 1516 1225 1601 γραμμῇ
1242 1510 1406 1594 έξισάζιον,

314 1613 502 1695 στενώτερος
520 1613 556 1676 δὲ
579 1609 634 1674 καί
654 1605 816 1694 όξυτενῆς,
844 1610 900 1675 καί
922 1605 985 1688 οἷος
1010 1608 1072 1694 οὐχ
1092 1607 1173 1678 οὕτω
1190 1613 1261 1680 λίαν
1274 1611 1408 1695 ἐκπλήτν

315 1735 382 1783 τειν
402 1711 477 1786 τοός
498 1711 680 1790 θεωμένους
704 1708 748 1785 ώς
768 1711 885 1792 πάλαι,
914 1713 1018 1800 πολλῷ
1037 1713 1072 1776 δὲ
1093 1705 1178 1792 ὅμως
1196 1712 1291 1778 πλέον
1312 1712 1348 1775 έν
1365 1711 1407 1798 τῷ

315 1804 458 1897 άσφαλεί
475 1808 653 1893 βεβηκέναι.
688 1799 734 1873 oia
755 1811 816 1891 μέν
839 1801 897 1874 οὖν
917 1807 983 1874 ἔδει
1015 1811 1050 1874 έν
1076 1811 1241 1897 ξυγγραφῇ
1263 1810 1321 1874 rori
1346 1805 1441 1880 νεώις

220 1931 309 1991 2153
317 1912 391 1994 πέρι
408 1910 655 1994 ἐπιμνησθῆναι,
684 1906 740 1975 καί
752 1909 804 1997 ἐφ’
827 1907 850 1972 ά
875 1907 896 1993 ἦ
917 1905 1086 1992 τοῦλόγου
1112 1906 1197 1995 φορά
1222 1910 1306 1973 ἵκετο
1331 1908 1408 1972 cine-

312 2005 439 2084 λοόθως
458 2008 692 2092 περιαγομένῃ,
713 2009 816 2072 ταῦτα
838 2005 945 2090 ε”μοιγε
991 2005 1202 2093 ἀποχρώντως
1228 2007 1407 2091 έκδεδιήγῃ-

314 2131 381 2172 ται.
400 2103 605 2191 ἐγκωμιάζειν
616 2103 678 2190 γάρ
693 2110 810 2172 ἕκαστα
827 2108 891 2172 τών
910 2109 1006 2172 τοῦδε
1017 2105 1196 2188 θαυμάτων
1217 2104 1271 2171 καί
1287 2109 1408 2171 ἐπιδει-

315 2205 473 2294 κνόερντῷ
488 2204 580 2292 λόγῳ,
595 2201 740 2289 περιττόν
758 2199 799 2268 άν
815 2203 863 2290 εἴη
881 2204 989 2270 uadosi
1015 2209 1073 2271 τοῦ
1082 2203 1238 2292 παρόντος
1253 2205 1333 2273 ἴδιον
1353 2203 1408 2290 έρ-
1457 2219 1460 2227 “

313 2327 383 2390 γου.
401 2306 443 2379 ,εἰ
466 2301 503 2367 δέ
518 2327 566 2377 τις
583 2303 689 2366 ἐθέλοι
703 2296 812 2389 πόρρω
828 2328 890 2370 που
906 2301 1002 2388 τυχόν
1018 2308 1074 2390 τῆς
1088 2301 1210 2380 πόλεως
1226 2305 1445 2393 άπῳκισμέ-οο

315 2429 370 2481 νος
397 2400 506 2478 ἔπειτα
533 2403 713 2487 γιγνώσκειν
746 2406 860 2491 σαφώς
881 2400 1003 2470 ἅπαντα
1009 2457 1019 2488 ,
1051 2401 1194 2491 καθάπερ
1218 2401 1329 2490 παρών
1352 2403 1409 2468 καί

313 2503 491 2587 θεώμενος,
524 2496 726 2587 άναλεγέσθω
749 2501 789 2568 τά
814 2504 939 2592 Παόλιρ
962 2508 1020 2569 τοῦ
1041 2504 1155 2590 Κόρου
1182 2507 1239 2568 τοῦ
1267 2500 1406 2589 Φλώρου

383 2649 411 2701 9.
429 2629 524 2682 αὐτῶν
537 2630 567 2681 R.
585 2636 614 2680 et
629 2628 715 2699 Intpr.
731 2628 985 2703 isis-aedificatis
1001 2628 1126 2701 desuper,
1142 2629 1218 2699 adep
1234 2632 1304 2701 vulg.
1370 2629 1407 2695 ἤ-

385 2699 496 2767 δρασαν
514 2698 621 2752 omeud.
641 2699 692 2763 (λλ,
706 2697 835 2772 ἤδρασαν
855 2702 883 2751 R.
903 2709 932 2751 et
949 2700 1020 2769 vulg.
1101 2720 1139 2755 ιο.
1155 2700 1299 2771 orphaeus
1315 2702 1356 2769 τῷ
1375 2702 1404 2751 R.

387 2775 426 2827 13.
448 2768 612 2838 στενότερος
629 2769 657 2819 ll.
677 2777 706 2822 et
721 2770 793 2837 vulg.
864 2766 895 2822 δὲ
913 2786 966 2823 om.
988 2771 1017 2819 li.
1097 2790 1135 2843 ιφ
1156 2774 1351 2841 περισσομίνη
1373 2772 1403 2821 R

384 2858 427 2965 οἱ.
452 2839 504 2892 τοῦ
522 2848 586 2893 ante
603 2838 705 2911 Κύρου
725 2840 787 2893 add.
807 2856 841 2893 ea
858 2841 890 2899 ll.
949 2839 1063 2911 Φλόρου
1081 2842 1128 2907 lt,
1153 2842 1250 2916 Φόρου
1270 2840 1357 2911 Lugd.
1376 2849 1407 2895 et

384 2925 399 2966 e
440 2928 483 2981 pl.
945 2939 954 2959 ν

316 3014 449 3070 fornicem
471 3014 633 3071 orientalem
653 3021 682 3065 et
704 3012 902 3068 occidentalem
927 3031 976 3066 suo
996 3022 1028 3067 ut
1056 3020 1115 3065 erat
1136 3014 1197 3066 loco
1220 3013 1405 3083 reliquerunt,

316 3086 523 3154 septentrionali
537 3098 600 3135 vero
615 3078 645 3134 ei
656 3084 776 3146 australi,
792 3100 862 3154 quae
876 3100 957 3151 super
966 3091 1141 3136 eurvatusam
1157 3092 1215 3135 erat
1228 3092 1406 3145 structuram,

314 3157 462 3212 introrsum
474 3154 661 3223 porrigentes,
678 3156 817 3224 pauloque
830 3156 957 3205 latiorem
974 3154 1139 3216 efficientes,
1165 3162 1293 3223 utquam
1313 3155 1406 3222 aptis-

314 3226 384 3277 sime
403 3243 464 3277 eum
476 3226 537 3280 aliis
557 3222 717 3293 quadraret,
736 3225 987 3295 aequilateramque
1002 3240 1157 3295 compagem
1173 3240 1238 3291 prae
1259 3242 1288 3277 se
1307 3224 1406 3285 ferret,

312 3310 399 3365 eaque
419 3298 525 3348 ratione
547 3295 691 3345 vacuitatis
717 3296 886 3346 nimietatem
910 3304 1044 3346 coarctare
1065 3303 1192 3363 possent,
1222 3302 1252 3346 et
1278 3294 1408 3363 exiguam

311 3367 431 3435 aliquam
451 3364 620 3421 extensionis
638 3373 745 3433 partem
762 3364 921 3428 detrahere,
939 3366 968 3417 iu
985 3373 1118 3434 quantum
1135 3363 1258 3417 diversae
1277 3363 1406 3433 longitn-

311 3436 385 3487 dinis
398 3439 482 3506 figura
498 3434 654 3486 efficeretur.
678 3437 769 3505 Atque
782 3438 820 3487 ita
836 3436 954 3504 desuper
968 3437 1118 3497 firmarunt,
1140 3436 1188 3504 qui
1205 3438 1234 3487 iu
1251 3433 1344 3485 medio
1358 3442 1405 3487 est

310 3508 426 3576 positus,
451 3507 507 3562 sive
519 3502 624 3569 orbem,
641 3506 698 3560 sive
715 3505 954 3575 hemisphaerium,
972 3508 1029 3557 sive
1044 3506 1098 3557 alio
1113 3521 1277 3575 quocunque
1287 3507 1409 3556 nomine
1507 3510 1508 3571 λ

310 3576 346 3628 ah
357 3579 425 3645 ipsis
442 3574 604 3645 appellatur.
629 3574 864 3645 Fractusque-inde
879 3582 920 3627 est
940 3576 1128 3629 verisimiliter-
1141 3573 1271 3630 directior
1289 3574 1408 3645 quidem
1507 3574 1508 3641 l

312 3648 451 3717 facileque
462 3645 617 3707 versatilis,
634 3649 766 3716 omnique
789 3662 824 3702 en
841 3654 920 3714 parte
942 3646 1117 3703 adamussim
1138 3642 1290 3715 quadrans,
1314 3660 1406 3713 angu-
1507 3642 1508 3709 l

311 3718 380 3767 atior
392 3734 456 3774 vero
469 3726 498 3769 et
513 3714 544 3765 iu
556 3722 665 3766 acutum
686 3716 816 3778 tendens,
836 3716 943 3785 quique
954 3733 1010 3767 uon
1030 3718 1070 3769 ita
1089 3716 1169 3767 valde
1189 3714 1321 3783 percellat
1339 3732 1407 3785 spe·
1507 3710 1508 3723 ¹

212 3811 214 3816 ·
311 3793 438 3850 statores,
456 3796 489 3838 ut
503 3786 579 3851 olim,
600 3786 687 3837 multo
702 3801 765 3838 vero
781 3786 867 3837 tutius
879 3786 1044 3843 obfirmatus.
1066 3786 1190 3856 Quorum
1207 3786 1302 3853 itaque
1318 3802 1408 3851 opor-

310 3854 389 3907 tebet
401 3858 431 3916 lu
449 3857 565 3909 historia
587 3856 622 3907 de
644 3857 747 3925 templo
764 3856 935 3919 meminisse,
961 3865 988 3908 et
1010 3855 1045 3908 ad
1086 3873 1136 3907 uae
1157 3857 1216 3923 ipsa
1234 3856 1408 3905 narrationis

312 3926 396 3982 series
409 3935 603 3979 consectaneae
617 3928 779 3979 circumacta
795 3926 966 3995 pervenerit,
984 3944 1015 3978 ea
1031 3876 1101 3978 milri
1118 3924 1229 3981 abunde
1249 3926 1314 3975 satis
1339 3931 1411 3975 sunt

312 3994 457 4063 explicata.
492 3996 613 4049 Laudare
624 4001 698 4049 euim
713 3997 829 4066 singula,
843 4013 913 4065 quae
927 3999 957 4048 in
972 4012 1005 4049 eo
1027 4004 1092 4047 aunt
1108 3993 1277 4057 admiranda,
1296 4001 1324 4045 et
1340 4010 1408 4045 ora-

305 4065 389 4123 tione
403 4068 547 4133 persequi,
566 4083 793 4133 supervacaneum
805 4067 907 4129 luerit,
926 4082 961 4117 ne
1002 4080 1016 4118 e
1034 4064 1117 4118 huius
1137 4066 1229 4133 operis
1250 4065 1408 4133 proprium.

311 4135 341 4190 Si
355 4137 417 4205 quis
428 4141 518 4187 autem
540 4136 660 4190 voluerit
685 4140 782 4206 procul
807 4136 967 4193 fortassisa
1007 4135 1075 4189 urbe
1102 4135 1202 4205 degens
1240 4141 1335 4202 aperte
1355 4150 1410 4183 oo-
1507 4180 1508 4185 ,

229 4216 236 4240 ‘
279 4281 282 4286 y
310 4205 551 4281 ροιιεοκεοιααὶι,
559 4204 644 4266 vetuti
658 4222 785 4281 Praesens
798 4214 829 4264 et
841 4214 966 4283 spectans
974 4244 983 4273 ,
1008 4206 1130 4283 perlegat
1148 4204 1326 4284 pactuatus.
1339 4202 1412 4279 epi
