3109 4950
532 297 814 364 msrommuu
834 301 859 359 ι.
880 295 913 354 ι.
1164 343 1168 350 ,
1214 266 1263 355 ι5

120 465 124 470 ’
175 462 287 539 λέμων·
309 453 348 518 τά
368 443 452 536 δὲῆν
467 445 531 538 ἀρα
544 445 810 538 προοιμιαόἶμαι
823 448 884 535 γάρ
900 448 976 513 ouidi
1009 449 1292 530 έπιλειλνεινποτὲς,
1310 478 1338 529 ρ,
1354 479 1406 534 55,

177 555 232 626 τὸν
247 556 349 620 αἰῶνα
368 551 506 636 ἡμιάντά
524 549 646 632 τοιάδε,
667 555 772 630 μένειν
790 551 825 614 δὲ
844 553 876 626 ές
896 542 950 614 ἀεί
965 544 1022 612 κἀἰ
1052 541 1216 629 ἀκμάζειν,
1235 544 1292 621 dcl·
1313 549 1387 604 10²6

176 661 205 720 τ’
226 649 265 718 ἀν
285 653 306 736 ἡ
332 648 411 734 artri]
432 648 527 735 φύσις
547 643 725 734 ἀνθρώπων
741 641 782 735 ᾗ,
802 646 873 713 ἐπεὶ
887 645 943 711 καί
961 637 1086 710 ἀνωθεν
1101 644 1195 731 ἡμῖν,
1216 640 1260 720 ἀς

176 751 249 826 ἔπος
263 755 371 830 εἰπεῖν,
391 753 577 834 συνεισῆλθε
594 753 637 837 τῷ
660 747 730 834 βίῳ,
752 747 808 812 καί
824 741 880 813 odo
895 745 993 830 μεστὴ
1010 745 1104 830 μὲνὴ
1126 745 1259 830 ποίησις,

157 851 297 936 tattone
315 852 349 914 δὲ
368 848 515 930 ξύμπασα
536 847 658 930 ἱστορία
674 851 819 928 πολέμων
832 869 865 910 τε
890 843 945 908 καὶ
960 845 1185 929 παρατάξεων,
1205 847 1259 908 καί
1265 852 1337 909 1³.ss

177 949 235 1014 ούκ
250 945 292 1013 ἀν
307 942 384 1012 ἀλλο
395 973 426 1010 τι
444 941 550 1030 εύροις
569 949 604 1012 έν
621 947 693 1032 τῇδε
710 944 789 1010 κατά
800 941 835 1009 τύ
848 946 969 1026 μᾶλλον
977 938 1263 1028 ἀναγεγραμμένον·

177 1047 278 1113 αἴτιον
286 1049 322 1114 δὲ
335 1041 423 1127 οἶμαι
437 1045 558 1112 τούτων
576 1044 614 1108 ού
615 1070 649 1128 χ,
672 1038 744 1130 ὅπερ
764 1044 795 1108 οῖ
813 1045 926 1108 πολλοί
941 1066 1052 1128 φασιν,
1072 1043 1262 1128 ἀπέραντα

176 1145 307 1232 πορείας
322 1150 377 1210 καί
397 1143 435 1208 τδ
459 1146 658 1230 μεμορμένον
673 1143 733 1208 ιιαί
748 1167 835 1219 τινας
852 1139 1049 1228 παραλόγους
1068 1140 1214 1226 ἀνάγκας.
1232 1145 1264 1208 εί

177 1242 238 1330 γάρ
256 1241 296 1308 τά
310 1247 367 1326 τῆς
381 1241 586 1328 πεπρωμένης
596 1244 631 1306 ἐν
646 1244 725 1308 πᾶσι
747 1241 852 1329 νικῴη,
872 1235 1064 1327 ἀφοιρεθεάρ
1078 1243 1114 1305 δέ
1129 1244 1190 1306 τάν
1206 1240 1262 1305 ἀν-

139 1342 318 1426 responso
332 1339 370 1404 τδ
389 1337 575 1424 προαιρετὸν
590 1337 645 1404 καί
660 1336 815 1421 ἑκούσιον,
837 1340 1039 1425 παραινέσεις
1058 1340 1119 1420 μὲν
1135 1339 1262 1414 ἀπάσας

176 1440 234 1510 καὶ
260 1441 377 1522 τέχνας
398 1442 454 1504 κατ’
476 1441 681 1516 διδασκαλίας
709 1439 784 1506 κενά
813 1438 871 1504 καί
901 1429 1048 1524 ἀχρηστα
1074 1440 1262 1520 νομιοῦμεν,

178 1538 363 1624 οἰχήσονται
386 1541 420 1606 δὲ
443 1541 579 1624 φροῦδοι
604 1542 660 1604 νιαδ
677 1530 813 1624 άκαρποι
838 1535 875 1602 αἱ
896 1539 961 1602 τῶν
979 1527 1095 1622 ἀριστα
1111 1535 1260 1618 βιούντων

177 1639 312 1711 έλπιδες.
341 1638 379 1700 οδ
394 1641 504 1720 μέντοι
522 1637 592 1702 ἀλλ’
613 1637 687 1702 odet
715 1633 749 1702 τὸ
767 1642 857 1703 θείαν
877 1635 979 1702 αἴτιον
985 1687 996 1718 ,
1025 1629 1069 1711 oie
1083 1659 1119 1719 ys
1136 1635 1193 1716 ε’μὲ
1209 1659 1260 1717 γι-

176 1731 332 1818 γνώσκειν,
354 1734 462 1821 φόνων
477 1760 513 1800 τι
530 1739 586 1800 καί
599 1739 790 1818 σομπλοκῶν
809 1738 956 1822 ἡγεῖσθαι
974 1733 1132 1820 προσήκει.
1152 1732 1188 1799 τὸ
1199 1722 1259 1820 γάρ

135 1829 306 1916 λόἀγαθύν.
320 1837 422 1899 ε’νεῖνο
434 1837 490 1898 κατ’
507 1827 687 1912 ἀλεξίκακον
703 1833 815 1921 φόνιόν
839 1858 873 1899 τε
896 1833 952 1899 καί
966 1834 1173 1921 φιλοπόλεμον
1189 1827 1284 1898 ούτἸν

179 1925 332 2014 ἀνέγειρε
351 1931 506 2018 φήσαιμι,
529 1924 604 1996 οὔτε
621 1931 736 2000 εἰπόντι
760 1932 977 2016 πιστεύσαιμι.
996 1936 1030 2009 ἐς
1047 1935 1084 1996 δὲ
1102 1932 1260 2011 πλεονεξί-

163 2053 218 2099 ,ον
236 2053 271 2092 τε
289 2032 344 2093 aas*
353 2029 477 2102 ἀδικίαν
494 2029 529 2096 αἱ
548 2020 802 2119 τῶνάνθρώπων
815 2035 923 2116 ψυχαί
939 2025 1116 2117 αύθαίρετα
1132 2036 1286 2096 meoli-V.
1301 2059 1332 2097 ιο

177 2127 378 2210 σθαινοασαι,
401 2130 546 2211 πολέμων
563 2153 597 2196 τε
613 2133 667 2194 καί
680 2133 830 2216 ταραχῶν
844 2126 968 2196 ἅπαντα
984 2131 1190 2216 έμφοροῦσιν,
1208 2131 1260 2194 έν-

175 2228 270 2291 θένδε
282 2251 317 2290 τε
328 2219 452 2312 ὄλεθροι
466 2229 675 2324 ξομβαινορσι
694 2228 814 2311 πολλοί,
824 2232 879 2294 καί
890 2231 962 2313 γένη
976 2222 1260 2315 ἀνθρώπωνάνάρ-

133 2343 281 2389 ποπαστα
306 2329 462 2408 γίγνεται,
500 2329 555 2392 καί
586 2326 701 2411 μυρίοι
726 2317 821 2392 ἄλλοι
849 2328 1016 2392 ἀδίνονται
1046 2330 1148 2411 κῆρες.
1174 2321 1259 2390 οὕτω

176 2421 236 2509 γάρ
263 2421 302 2509 δὴ
328 2427 384 2489 καί
399 2422 465 2489 τότε
494 2422 526 2489 οἱ
543 2429 575 2491 Γ
572 2423 660 2491 ότθοι
679 2423 787 2511 ἐπειδὴ
814 2424 873 2503 τάς
896 2423 1032 2502 σπονδάς
1050 2428 1181 2507 θέμενοι
1206 2427 1262 2491 uei

177 2523 390 2608 διακριθέντες
411 2521 441 2587 οἱ
459 2527 520 2613 μὲν
548 2525 656 2589 αὐτῶν
682 2522 757 2589 εἴσω
787 2527 844 2591 τού
862 2523 978 2591 Πάδον
1001 2524 1153 2613 πρότερον
1176 2527 1260 2589 διοι-

176 2619 307 2715 τώμενοι
328 2626 488 2706 ποταμοῦ,
521 2620 555 2701 ές
580 2648 614 2687 τε
641 2628 794 2690 Τοοσκιλνν
824 2628 880 2689 καί
901 2624 1097 2711 Λιγονριλιν,
1124 2627 1179 2689 καί
1205 2619 1260 2689 ὅθι

245 2726 271 2776 6.
295 2721 359 2793 τῇδε
383 2726 423 2788 Β.,
441 2724 537 2777 τοῖσδε
558 2728 628 2796 vulg.
699 2729 723 2779 8.
742 2728 928 2798 μεμορμένον
948 2729 993 2792 lt,
1010 2742 1136 2799 μεμορμ.
1153 2727 1223 2796 vulg.

247 2812 272 2862 q
294 2798 376 2857 νίκην
394 2796 423 2845 lt.
496 2814 534 2849 ιο.
557 2795 660 2861 ἀριστα
682 2798 728 2859 lt,
753 2795 873 2869 ἄριστον
895 2798 966 2869 vulg.
1040 2801 1079 2852 18.
1098 2812 1128 2849 τε
1145 2796 1207 2855 edd.
1228 2798 1258 2849 s.

248 2880 292 2918 πο.
311 2861 384 2916 οὕτω
402 2866 431 2917 R.
450 2865 544 2937 Lugd,
560 2866 649 2923 οὕτως
669 2865 729 2919 εδδ.

176 2958 239 3003 tum
268 2949 397 3020 quamdiu
425 2950 492 3003 haee
516 2952 574 3021 ipsa
593 2961 690 3004 notura
709 2952 851 3005 hominum
868 2955 997 3007 extiterit
1033 2954 1063 3007 Si
1086 2954 1160 3006 enim
1176 2952 1259 3004 altius

176 3038 233 3072 rem
255 3028 417 3089 repetamus,
436 3040 566 3075 unacum
582 3024 642 3091 ipsa
656 3024 712 3075 vite
723 3024 920 3093 propemodum
939 3024 1056 3076 dixerim
1075 3027 1182 3075 invecta
1196 3032 1260 3073 sunt

175 3091 268 3155 helleq
288 3100 372 3162 atque
393 3094 432 3143 ite
449 3094 531 3162 plenu
551 3102 593 3145 est
610 3094 715 3161 po'e'uis,
739 3094 822 3162 plena
840 3098 928 3148 omnis
946 3094 1061 3147 historia
1077 3093 1212 3145 bellorum
1231 3100 1260 3143 et

175 3162 360 3230 praeliorum,
385 3178 475 3233 neque
492 3163 637 3233 quicquum
660 3164 689 3217 in
710 3163 753 3215 his
770 3168 920 3235 comperias
939 3165 1049 3216 uberius
1069 3162 1257 3229 conscriptum

176 3230 291 3283 Causam
311 3248 376 3283 vero
398 3232 495 3285 horum
517 3236 681 3297 censuerim,
708 3252 777 3298 uon,
803 3243 836 3287 nt
855 3236 937 3287 multi
955 3241 1091 3294 statuunt,
1119 3232 1260 3284 stellarum

176 3318 269 3353 cursus
287 3310 317 3353 et
334 3302 420 3353 fatum
444 3310 525 3373 etque
546 3302 675 3355 absurdae
698 3306 827 3374 quasdam
843 3305 1027 3357 necessitates.
1063 3303 1093 3355 Si
1117 3304 1190 3354 enim
1209 3300 1260 3352 fati

176 3374 324 3429 necessitas
339 3373 430 3427 omnia
445 3382 612 3442 permearet,
638 3376 790 3444 eriperetur
804 3373 962 3428 hominibus
976 3374 1119 3427 arbitraria
1134 3374 1260 3430 volunta-

176 3441 213 3491 tis
231 3443 339 3507 electio,
360 3453 389 3495 et
406 3444 517 3515 quidem
539 3452 681 3514 praecepta
699 3446 792 3499 omnia
810 3453 839 3497 et
859 3453 930 3497 artes
950 3463 980 3496 ac
997 3444 1158 3515 disciplinae
1175 3458 1259 3493 vanae

176 3511 346 3585 inutilesque
359 3523 450 3567 esseut
463 3514 627 3581 censendam
655 3514 785 3569 evanidee
800 3516 884 3567 etiam
907 3515 1011 3568 fuerint
1028 3515 1259 3583 infrugiferaeque

162 3582 163 3587 ’
176 3596 280 3647 eorum,
300 3586 349 3655 qui
360 3586 463 3653 optime
473 3586 555 3637 vitam
565 3603 638 3637 uuam
651 3587 809 3649 instituunt,
826 3604 896 3655 spes.
932 3586 987 3638 Sed
995 3603 1046 3637 uec
1054 3588 1151 3646 Deum,
1169 3600 1259 3653 quen·

174 3657 233 3703 tum
258 3662 320 3707 mee
343 3654 565 3719 sentententia,
597 3656 721 3709 caedium
746 3665 774 3709 et
798 3657 973 3710 conflictuum
992 3664 1131 3709 auctorem
1149 3669 1258 3705 censere

175 3731 292 3791 oportet
338 3724 473 3779 Summam
494 3726 567 3779 euim
595 3728 673 3779 illem
699 3726 850 3780 honitatem
875 3729 1019 3795 omnisque
1042 3725 1108 3775 mali
1130 3724 1257 3791 proflige-

174 3794 271 3845 trieem
294 3794 424 3847 caedibus
449 3795 585 3866 bellisque
606 3796 738 3867 gaudere,
762 3815 814 3849 nee
831 3801 892 3867 ipse
911 3797 1040 3854 dixerim,
1066 3810 1118 3847 nee
1133 3794 1163 3847 id
1182 3794 1257 3844 affir-

173 3866 260 3917 manti
288 3865 483 3933 ocquieverim·
519 3867 664 3919 Hominum
687 3884 751 3921 vero
774 3869 859 3920 animi
882 3868 912 3920 in
929 3869 991 3937 plus
1008 3863 1130 3915 habendi
1149 3864 1257 3933 eupidi-

173 3940 259 3985 tatem
273 3942 302 3985 et
313 3936 478 3989 Iniustitiom
493 3938 683 4005 prohibentes,
705 3938 788 3990 hellis
805 3940 897 3990 omnis
910 3946 938 3989 et
952 3935 1114 3993 tumultibus
1128 3936 1256 3998 miscent5

174 4011 257 4074 sique
278 4003 346 4057 hine
365 4006 494 4059 interitus
510 4010 668 4079 multoeque
688 4009 810 4077 gentium
831 4007 1033 4060 interneciones
1048 4008 1193 4067 eveniunt,
1209 4006 1255 4055 in·

174 4089 361 4146 nemesaeque
375 4074 448 4129 aliae
463 4078 627 4131 mlemitotes
644 4077 776 4129 oriuntur.
812 4077 916 4129 Eodem
927 4077 1101 4129 modoetiam
1113 4086 1171 4127 tum
1184 4082 1256 4123 tem-

173 4146 249 4209 poris
270 4144 358 4198 Gonu
375 4149 441 4199 iotis
450 4172 453 4183 =
463 4146 621 4201 foederibus
640 4146 788 4215 dirempti,
809 4148 939 4199 nonnulli
954 4165 1048 4200 eorum
1063 4147 1112 4217 qui
1123 4148 1196 4197 intra
1207 4144 1256 4193 Pa-

175 4212 240 4269 dum
258 4214 375 4277 fluvium
388 4217 537 4288 degebant,
561 4218 737 4280 in‘Tuscium
760 4224 790 4272 et
804 4217 956 4289 Liguriam,
981 4226 1010 4271 et
1029 4234 1084 4287 quo
1104 4216 1202 4283 cuique
1220 4211 1256 4263 li-
