3109 4950
278 303 401 366 nvn}
572 301 607 366 B.
632 297 823 366 VULClel
848 297 1049 364 nrls'rom.
1076 323 1079 328 ·

276 449 404 536 scriptis
418 449 629 518 concinuerit.
646 451 739 514 Hunc
754 451 863 533 itaque
875 449 1043 534 Agathtam
1057 446 1243 534 scalptorem
1258 448 1349 510 tuca-

276 548 504 628 lentissimum,
526 571 621 632 quem
642 549 720 611 olim
738 553 875 614 Persona
892 549 936 610 ite
959 547 1112 612 lutularet
1135 569 1173 610 ac
1195 548 1351 610 deforma·

275 658 334 726 ret,
345 656 382 709 nt
397 648 585 732 quicunque
604 669 677 712 eum
694 648 865 731 attingeret
880 647 994 712 merito
1005 647 1200 710 exclamaret
1210 672 1218 708 ε
1228 645 1350 724 Aquom

275 748 432 818 monitum
453 737 656 828 εὐπρόσωπον
674 746 888 830 nitidioreque
905 745 1018 810 habitu
1030 767 1049 806 a
1064 767 1115 807 me
1133 745 1285 806 donatam
1298 761 1351 803 ro·

274 845 342 923 bis,
363 845 505 907 illustres
520 845 780 929 Amplissimiqne
797 846 889 925 Viri,
910 846 1025 907 merito
1042 843 1284 917 inscribendum
1304 840 1351 902 di·

276 944 478 1024 candumque
503 944 699 1040 existimaris
726 945 884 1030 primurn,
905 944 994 1027 quod
1013 964 1055 1006 ex
1067 943 1128 1006 hac
1146 951 1248 1006 vestra
1265 939 1351 1000 Aca-

274 1042 378 1108 demia
393 1042 426 1103 in
443 1041 547 1108 lucem
563 1042 711 1126 prodeam
741 1043 778 1116 in,
795 1063 858 1124 qna
877 1064 977 1127 quum
993 1043 1056 1104 iam
1078 1040 1233 1106 tredecim
1253 1036 1363 1100 circi·.

273 1151 324 1206 ter
345 1163 447 1204 annos
466 1151 570 1204 restro
598 1141 757 1204 beneficio
786 1141 1009 1208 honestissimo
1029 1142 1093 1206 hoc
1117 1141 1183 1204 otio
1207 1135 1351 1201 literario

273 1242 379 1318 fruar,
409 1239 617 1304 vehementer
632 1261 682 1302 me
704 1241 814 1304 officio
831 1261 904 1302 meo
922 1241 1108 1304 defuturum
1126 1236 1255 1324 potari,
1288 1233 1350 1296 nisi

273 1340 384 1404 darem
396 1359 525 1424 operam
545 1347 580 1400 ut
592 1350 730 1404 exstaret
742 1339 910 1424 publicum
924 1340 1055 1423 aliquod
1071 1338 1245 1422 singularis
1259 1354 1348 1398 meae

272 1458 347 1522 erga
364 1459 420 1501 vos
434 1438 653 1502 observantiae
666 1439 811 1521 gratique
824 1438 924 1500 enimi
938 1446 1198 1500 monumentum:
1217 1432 1348 1510 deinde,

271 1536 358 1619 quod
381 1557 446 1600 non
464 1537 631 1622 indignum
655 1531 745 1600 vohis
767 1537 829 1621 hoc
848 1536 1076 1600 munusculum
1096 1534 1271 1596 literarium
1294 1532 1348 1592 in·

271 1633 428 1711 dicarem,
460 1655 532 1698 cnm
550 1635 592 1696 ob
610 1635 775 1696 authorem
794 1637 898 1720 ipsum
919 1635 977 1719 qui
1001 1634 1089 1718 apud
1106 1633 1216 1696 doctos
1236 1649 1348 1693 omues

271 1753 405 1798 summo,
419 1754 545 1818 semper
562 1732 624 1794 suit
642 1737 675 1796 iu
696 1734 825 1817 precio,
858 1744 926 1797 tum
951 1749 1028 1797 tero
1047 1733 1153 1816 magui
1175 1730 1265 1792 illisis
1283 1730 1349 1789 im·
1369 1744 1373 1749 ·

222 1859 225 1868 ’
269 1833 425 1916 peratoris
449 1832 539 1896 cuins
566 1832 733 1898 historiam
760 1833 871 1897 scribit
891 1833 1040 1907 nomiue;
1076 1832 1110 1893 iu
1131 1853 1195 1915 qua
1216 1828 1349 1913 quidem

268 1930 402 1993 historia
419 1931 519 1993 multa
536 1931 783 1994 conscribuntur
804 1933 967 2016 sapienter
984 1931 1025 1994 ab
1038 1929 1094 1994 illo
1108 1930 1349 2013 prudenterque

270 2029 465 2110 excogitata,
494 2029 744 2113 felicissimeque
762 2024 918 2114 perfecti3
951 2029 1106 2112 equibus.
1123 2025 1281 2091 nonnulla
1298 2026 1348 2087 ati

267 2147 362 2210 spero
384 2127 417 2188 in
439 2149 515 2192 usus
532 2139 652 2194 vestros
666 2140 854 2192 convertere
875 2130 1021 2214 poteritis
1035 2128 1075 2189 ad
1092 2125 1347 2191 florentissimam

265 2227 509 2312 Rempublicam
524 2239 659 2292 vestram
681 2229 905 2292 stabiliendam
924 2240 957 2291 et
979 2226 1117 2290 nominis
1142 2225 1239 2289 vestri
1257 2226 1346 2319 cele-
1439 2245 1444 2255 ·

265 2325 429 2406 britatern,
462 2350 543 2410 quae
566 2349 673 2392 rerum
692 2351 751 2413 pro
774 2329 919 2392 libertate
951 2327 1076 2400 tamuda,
1092 2334 1250 2410 gestarum
1276 2347 1347 2386 ma·

267 2426 436 2511 gnitudine
454 2425 551 2511 longe
575 2427 702 2510 lateque
726 2434 771 2489 est
791 2435 972 2510 propagata,
993 2425 1093 2510 magis
1108 2427 1271 2509 magisque
1287 2443 1370 2487 au-·

194 2562 197 2569 ·
267 2526 414 2610 gendem.
455 2526 536 2588 Mihi
557 2526 681 2587 interea
700 2526 784 2587 nihil
801 2526 921 2609 gratius
934 2527 1081 2589 accidere
1099 2528 1229 2611 poterit,
1250 2548 1346 2611 quam

266 2626 294 2689 si
307 2624 486 2707 intelligam
502 2624 643 2687 studium
663 2624 726 2688 hoc
745 2646 851 2687 meum
869 2625 977 2702 vohis,
1010 2626 1158 2689 illustres
1178 2628 1348 2713 Amplissi-
1367 2650 1370 2653 ’

269 2722 379 2805 mique
395 2722 486 2801 Viri,
515 2723 643 2805 probari
654 2747 663 2796 ς
693 2724 1006 2807 magnumquemihi
1024 2724 1239 2792 honorificum
1260 2726 1347 2803 iudiq

268 2820 354 2883 cium
377 2831 517 2883 vestrum
542 2822 648 2885 calcar
672 2821 833 2886 addiderit
856 2824 897 2887 ad
926 2824 989 2886 alia
1016 2825 1052 2887 id
1075 2847 1177 2910 genus
1201 2834 1346 2889 veterum

268 2922 463 2985 Graecorum
489 2931 697 2984 monumenta
722 2943 740 2985 e
766 2921 984 2987 Bibliothecae
1013 2946 1103 2987 meae
1124 2948 1212 3009 penu
1234 2923 1346 3007 depro·
1426 2927 1429 3005 j

267 3019 383 3082 menda
403 3028 436 3081 et
450 3019 563 3083 Latine
584 3020 738 3083 vertenda
757 3020 953 3105 publicoque
973 3023 1246 3089 communicanda

351 3119 437 3181 Deus
459 3120 534 3201 opt.
554 3120 639 3185 Max.
661 3119 808 3183 Illustres
829 3122 1090 3205 Amplissimique
1111 3122 1201 3197 Viri,
1223 3122 1367 3205 Πείραι’

266 3218 371 3282 blicse
401 3217 535 3299 eiusque
565 3216 734 3281 seminario
754 3220 946 3283 Academiae
971 3242 1025 3283 sos
1050 3242 1147 3303 quam
1167 3219 1343 3281 diutissime

267 3323 377 3383 servet
415 3316 603 3380 incolumes.
663 3317 820 3403 Lugduni¹
845 3318 1049 3399 murorum,
1083 3318 1178 3381 Anno
1213 3316 1343 3383 Domini

268 3415 448 3479 MDXCIV.
468 3414 605 3479 Kalend.
624 3414 793 3486 Ianuariis.

352 3534 428 3606 ILL.
452 3546 522 3613 DD.
545 3546 616 3611 VV.
929 3617 930 3622 ἵ

883 3630 1126 3694 Addicttoimus

781 3748 1011 3812 Rossverrusa
1033 3745 1225 3814 Voucasrus.
