3109 4950
480 358 905 435 ursronnnuuw.
1147 367 1227 453 199

149 516 190 603 δή
207 540 239 581 τι
262 503 444 603 περιφανῶς
461 515 621 600 ἐκεκμήκει
636 510 693 579 καί
705 517 873 581 διελέλυτο.
903 514 932 581 οἱ
949 520 986 583 δὲ
1000 514 1055 581 ἐπί
1070 520 1114 607 τῷ
1131 516 1228 609 ἑτέρην
1238 536 1268 589 λ.
1278 537 1307 591 c.
1325 537 1377 593 555

149 617 384 699 ξυντεταγμένοι
401 612 620 701 καρτερώτατα
643 608 854 697 ἀπεμάχοντο.
882 616 916 679 ολ
928 640 965 679 τε
978 614 1039 702 γὰρ
1060 619 1230 704 ἐλέφαντες
1241 608 1294 663 Ῑ·Ῑ·
1301 626 1336 679 ²9

149 715 219 779 ἄντ’
236 711 390 799 ἐρύματος
412 712 656 799 προβεβλημένοι
673 715 729 778 καί
744 714 1008 799 ἐπεισπηδῶντες,
1035 714 1233 803 διετύραττον

150 809 262 879 αύτίκα
284 809 338 878 τὸν
359 809 576 893 συνασπισμὸν
593 814 657 878 τῶν
681 809 853 895 Ῥωμαίων
875 812 962 879 εἵπου
979 813 1121 900 ξυσταίη·
1148 817 1231 881 οἵτε

130 908 229 999 δύπέρ
251 908 371 977 τούτων
395 907 560 993 ὀχούμενοι
585 908 708 989 τοξόται
730 910 803 975 λίαν
825 909 963 977 ἐσίνοντο
982 911 1057 990 τούς
1072 914 1260 997 insistam)

151 1006 203 1079 οἶα
223 1012 257 1086 ἐς
277 1004 359 1093 ύψος
379 1010 528 1095 ἠρμένοι,
559 1008 613 1073 καλ
633 1010 676 1097 τῷ
694 1009 900 1095 ύπερανέχειν
919 1010 1139 1077 εύσκοπῶτοτα
1152 1012 1237 1094 prii--

150 1114 265 1186 λοντες·
285 1111 322 1173 αἳ
334 1131 370 1172 τε
386 1112 450 1173 τῶν
467 1104 585 1175 ἱππέων
601 1104 682 1189 ἶλαι,
700 1111 966 1195 -διεκτρέχουσαι,
987 1110 1103 1200 ρλρδῶις
1120 1114 1234 1198 προσέ-

150 1214 266 1292 βαλλον
283 1208 339 1271 καί
351 1206 514 1290 ἠνώχλουν
533 1202 667 1290 ἀνδράσι
681 1208 785 1285 πεζοῖς
798 1205 854 1272 καί
871 1209 1116 1295 ἐμβριθέστερον
1135 1208 1235 1275 oiniu-

151 1310 287 1390 ομένοις·
307 1298 368 1392 ἤδη
387 1302 466 1403 τεαὶ
485 1306 583 1394 ταύτῃ
604 1306 763 1389 Ῥωμαῖοι
776 1308 810 1383 ἐς
829 1307 933 1394 φυγὴν
946 1306 1137 1383 ἐκκλιναντες
1152 1308 1235 1394 ἐπη-

114 1404 314 1473 ιολαύνοντο.

237 1504 292 1581 κζ.
329 1495 425 1590 Ἀνὴρ
448 1504 484 1570 δύ
505 1529 554 1583 τις
576 1508 611 1571 ἐν
637 1498 745 1584 αύτυῖς
767 1507 831 1571 τῶν
847 1504 1016 1593 Μορτίνου
1035 1508 1236 1594 δορυφόρων,

144 1594 300 1689 ’Ὁγναρις
316 1592 424 1685 ὄνομα,
444 1604 479 1667 ἐν
495 1603 682 1692 στενωτοίτῳ
697 1608 809 1694 χωρίῳ
825 1608 1076 1691 ξυνειλημμένος,
1095 1604 1138 1683 ῶς
1154 1609 1238 1691 μηδὲ

155 1698 192 1765 τὸ
209 1695 447 1787 ἀποδιδράσκειν
465 1696 551 1789 αύτῷ
565 1700 729 1790 ἐλεύθερον
747 1699 830 1769 εἶναι
849 1704 903 1770 καί
917 1708 1099 1791 ἐφειμένον,
1125 1704 1238 1769 arithm

156 1794 209 1884 ‹i'ye
228 1798 403 1887 ἀπειρηκώς
426 1810 491 1877 τοῖς
512 1807 742 1886 ξυνενεχθεῖσι,
772 1806 828 1868 καί
850 1797 953 1890 ῶσπερ
970 1806 1024 1888 τῆς
1040 1802 1141 1888 τύχης
1161 1802 1241 1867 οἷαο-

117 1900 362 1986 ι5πειρῶμενος,
391 1900 519 1966 ἐπιόντα
541 1900 570 1966 οἱ
589 1904 699 1979 δεινῶς
725 1900 782 1969 τὸν
804 1906 1005 1989 θρασύτερον
1025 1905 1088 1968 τῶν
1105 1900 1240 1989 ἐλεφύν·

156 2024 221 2063 των
251 1996 377 2082 πλήττει
408 1999 519 2082 βιαίοις
535 1995 597 2065 ἐντὶ
625 1997 684 2086 την
706 1996 811 2089 ὀφρύν
829 2004 873 2088 τῷ
888 1998 1031 2089 δόρατι,
1061 2004 1117 2067 καί
1138 2002 1337 2085 ipati-raon

155 2120 250 2181 γνυσι
264 2095 321 2182 τὴν
337 2096 467 2183 αἰχμὴν,
487 2098 532 2176 ῶς
548 2094 633 2165 ἅπαν
652 2098 687 2167 τὸ
705 2098 816 2165 λοιπὸν
833 2096 1054 2187 ἐπηωρῆσθαι.
1075 2097 1093 2163 ὅ
1110 2102 1146 2165 δέ
1162 2098 1243 2185 πρός

155 2222 192 2263 τε
207 2195 265 2283 τὴν
281 2194 401 2282 πληγήν
413 2201 671 2283 δυσανασχετῶν,
702 2199 759 2265 καί
773 2196 851 2286 πρός
866 2224 901 2287 χε
919 2200 976 2266 τού
993 2201 1141 2285 δορατίου
1156 2195 1245 2284 ἀμφὶ

85 2338 87 2341 .
156 2292 214 2361 τδν
237 2294 407 2382 ὀφθαλμὸν
435 2300 678 2383 κραδαινομένου
706 2298 989 2385 ἐκταραττόμενος,
1017 2294 1183 2382 ύπεξὴγετο
1204 2296 1244 2361 οἶ-

111 2398 256 2484 Ιαοδρύον
279 2396 313 2470 ἐς
334 2388 513 2478 τούμπαλιν
536 2397 732 2485 ἅνασκιρτῶν
750 2400 807 2462 καί
825 2394 1100 2484 περιδονούμενος,
1130 2393 1190 2480 τήν
1208 2419 1244 2459 τε

157 2496 349 2582 προνομαίαν
382 2499 440 2562 νύν
471 2499 532 2578 μὲν
551 2491 656 2584 ῶσπερ
676 2493 837 2582 ύσπληγγα
864 2494 1091 2582 περιτὶνύσσιον
1118 2493 1245 2580 ἐπληττρ

157 2592 294 2672 πολλούς
317 2596 381 2660 τῶν
405 2597 545 2681 Περσῶν
561 2597 616 2662 καί
631 2595 820 2682 ἔξηκύνιιζε,
848 2599 906 2661 νύν
923 2597 959 2659 δὲ
979 2595 1012 2672 ἐς
1032 2597 1131 2680 μῆκος
1146 2590 1246 2658 ἐκτεί-

230 2716 255 2768 3.
274 2711 502 2778 ἐπεισπηδῶντες
519 2715 559 2779 λλ,
578 2713 791 2781 ἔπεκπηδῶντες
809 2715 879 2786 vulg.
937 2713 963 2782 d
980 2708 1166 2784 συνασπιμῦν
1185 2711 1245 2783 spb.
1306 2766 1308 2770 ,

230 2783 288 2836 Par.
325 2789 350 2839 8.
368 2783 507 2852 η’νόχλουν
523 2787 580 2838 Par,
667 2804 693 2856 9.
713 2787 891 2842 ἐκκλίνοντες
908 2785 937 2836 ll.
1009 2783 1197 2854 ιν.”ογναρις
1214 2785 1244 2834 it.

233 2862 262 2905 et
282 2853 381 2921 inipu,
401 2853 539 2926 Ὅγναρος
554 2856 623 2926 vulg.
749 2855 913 2924 οτενωτοίτρι
933 2857 981 2918 lt,
1000 2853 1155 2922 stevartius
1173 2854 1245 2923 vulg.

235 2940 274 2991 ¹7·
292 2922 483 2996 ἅπηωρῆσθαι
503 2928 543 2988 tt,
564 2925 761 2999 ύπηωρεϊσθαι
778 2927 850 2996 vulg.
886 2945 927 2980 no.
943 2924 1187 2996 περιδονούμενος
1206 2926 1246 2987 lt,

143 3003 145 3010 “
229 2992 468 3068 περιδινούμενος
492 2997 565 3068 vulg.
680 3015 723 3052 nn.
739 2999 794 3052 νύν
811 2995 843 3049 δὲ
860 2999 904 3061 lt,
921 2995 978 3050 νῦν
995 2995 1052 3066 μὲν
1068 2996 1142 3063 vulg.

184 3202 343 3254 reoniertis
365 3202 466 3271 clypeis
493 3220 610 3273 pugnam
635 3204 738 3254 inirent
760 3203 899 3262 Romam,
925 3200 1017 3251 statim
1040 3200 1127 3249 aciem
1151 3181 1246 3249 τεύτλο-

163 3269 246 3334 bant,
272 3281 300 3324 et
316 3274 459 3341 sagittarii,
475 3275 524 3344 qui
546 3275 586 3324 eis
612 3271 790 3334 vehebantur,
816 3273 949 3322 Romanos
975 3270 1110 3320 irruentes
1132 3269 1248 3338 graviter

166 3339 336 3406 laedebant,
363 3350 459 3412 utpote
482 3346 512 3396 in
546 3344 663 3395 sublime
691 3342 784 3403 elati,
811 3348 937 3410 certaque
956 3356 998 3401 eo,
1024 3338 1099 3409 quod
1117 3337 1248 3390 editiores

167 3419 266 3474 essent,
284 3412 339 3464 tela
362 3411 500 3468 iacientes.
525 3413 601 3484 Quin
627 3421 655 3464 et
677 3413 802 3482 equitum
826 3418 932 3462 turmae
959 3409 1140 3462 discurrentes
1167 3407 1248 3460 facile

164 3479 331 3532 invadebant
349 3491 431 3552 atque
450 3483 599 3536 turbabant
615 3482 723 3551 pedites
742 3488 770 3534 et
795 3481 924 3549 gravioris
949 3487 1099 3534 armaturae
1123 3478 1248 3543 milites3

164 3551 277 3672 {amque
308 3569 341 3604 ex
367 3570 399 3605 ea
426 3563 504 3624 parte
531 3556 645 3606 Romani
675 3551 710 3605 ad
738 3548 830 3620 iug'am
860 3551 988 3603 inclinati
1018 3549 1119 3620 pedem
1146 3548 1249 3600 resere-

185 3627 243 3678 ant.
1179 3647 1184 3653 ·

236 3707 277 3758 οη.
313 3691 362 3744 Vir
380 3702 470 3746 autem
488 3692 598 3762 quidam
613 3695 688 3746 inter
706 3707 753 3743 eos
771 3707 787 3742 e
806 3689 971 3744 satellitibus
987 3687 1111 3750 Martini,
1135 3685 1250 3754 Ognaris

164 3760 290 3822 nomine,
308 3761 337 3810 in
349 3779 471 3816 summas
484 3763 620 3832 angustias
643 3760 794 3825 redactus,
824 3761 893 3812 adeo
917 3769 950 3812 ut
969 3762 1075 3812 nullum
1096 3758 1122 3808 ei
1144 3763 1252 3825 pateret

163 3827 285 3880 liberum
303 3833 447 3900 effugium,
465 3851 497 3884 ac
517 3836 571 3884 iam
589 3832 623 3883 de
643 3831 730 3884 salute
749 3850 797 3883 sua
818 3832 983 3900 desperans,
1006 3837 1036 3880 et
1051 3825 1250 3898 quodammodo

164 3899 293 3951 fortunae
320 3901 406 3953 aleam
427 3904 596 3972 periclitans,
615 3902 764 3955 irruentem
789 3903 819 3953 in
842 3919 871 3955 se
897 3899 1062 3953 horrendum
1088 3899 1117 3950 in
1140 3897 1252 3948 modum

166 3969 304 4039 quendam
324 3987 339 4022 e
363 3972 546 4026 ferocioribus
564 3971 735 4043 elephantia,
753 3987 849 4040 magna
867 3973 895 4023 vi
912 3971 946 4022 ad
965 3973 1046 4021 imam
1063 3969 1182 4020 frontem
1196 3968 1252 4018 cir-

165 4056 197 4090 ea
219 4040 395 4109 supercilium
425 4043 502 4094 hasla
528 4043 618 4106 ferit,
646 4041 752 4110 spiculo
781 4042 820 4092 ita
847 4041 942 4093 adacto
966 4047 1047 4109 atque
1073 4037 1204 4106 impacto,
1220 4042 1252 4086 ut

166 4108 242 4176 quod
268 4110 406 4182 reliquum
426 4121 485 4165 erat
502 4111 597 4164 hastae
617 4109 808 4179 propenderet
827 4111 863 4162 At
886 4111 932 4162 bie
949 4111 1053 4179 accepti
1073 4111 1146 4162 ictus
1164 4110 1252 4174 impa-

166 4177 252 4242 tiens,
274 4187 357 4250 atque
374 4184 488 4252 insuper
515 4182 594 4234 basta
613 4180 683 4230 eirca
700 4179 809 4233 oculum
832 4186 939 4232 rotante
961 4180 1156 4251 perturbatus,
1182 4191 1252 4226 con-

166 4245 259 4302 lesum
280 4258 430 4310 retroactus
449 4260 531 4324 atque
552 4252 581 4305 in
599 4247 694 4304 orbern
709 4265 737 4304 se
759 4265 887 4318 versans,
911 4260 938 4305 et
959 4250 1158 4322 promuscidem
1180 4259 1252 4298 nune

161 3129 329 3250 pugnabant.
363 3130 508 3200 Elephanti
532 3132 606 3184 onim
627 3149 676 3200 pro
701 3131 771 3184 vallo
790 3130 894 3182 obiecti
911 3136 939 3182 et
961 3136 1147 3199 proruentes,
1171 3129 1247 3178 sien-
