3109 4950
296 303 346 414 ιδ
390 345 393 354 .
695 326 904 394 lustaus

148 497 178 553 Δ.
194 497 224 550 c.
238 478 412 570 ttriuciorqr
431 481 576 567 θυμῆρύς
592 501 624 545 τε
643 469 682 566 ἦν
696 484 751 545 καί
766 467 944 562 εἰθισμένον
950 527 961 560 ,
982 480 1142 566 ἐχύρουν·
1161 477 1191 544 oi
1214 482 1249 546 st
1270 479 1370 563 ἐκτύς,

190 568 209 618 L
229 567 248 620 ¹·
258 571 465 664 ²⁶slsassoirrec,
477 578 565 666 ύμφί
575 577 725 660 Βενετίαν
740 583 796 644 καί
807 578 846 644 τύ
865 580 939 666 τῇδε
954 577 1093 664 φρούρια
1109 582 1164 643 καί
1179 583 1373 660 πολίσματα,

262 673 368 768 ρῇπερ
390 680 446 742 καί
466 680 500 742 ἐν
521 679 566 766 τῷ
578 675 639 763 πρό
658 681 725 759 τού,
746 676 975 742 ἐσκέύύννυντο
996 675 1104 762 ἐπειδὴ
1126 669 1184 742 ούν
1210 679 1246 742 ἐν
1264 680 1371 742 τοῖσδε

288 773 459 859 ἐτύγχανον
471 765 567 855 όντες,
580 777 737 861 προσῆκον
749 773 865 851 αύτούς
879 773 918 840 τύ
933 778 994 856 μὲν
1010 775 1177 856 ύμοομίνα
1189 783 1254 850 τοῖς
1265 772 1369 861 ἔργοις

289 869 398 949 αύτοῖς
416 874 596 954 sparsuras
606 923 615 953 ‚
636 870 672 937 τό
699 875 734 938 δὲ
754 876 893 960 σφέτερα
909 875 944 938 ἒν
963 875 1006 960 τῷ
1024 867 1168 959 οἶσφαλεϊ
1180 875 1387 954 κατέχονταςὸ

287 969 439 1037 κινδύνων
454 965 659 1054 ἀπηλλάχθαι
673 973 819 1056 χρονίων,
831 974 885 1036 καί
898 969 989 1053 μόλις
1003 974 1081 1054 γοῦν
1092 973 1155 1037 τῶν
1168 973 1279 1036 ύεινιύν
1290 965 1370 1034 ἆνοι-

286 1072 428 1134 πνεῦσαι·
449 1066 479 1134 οῖ
498 1071 543 1150 δὲ,
563 1067 729 1152 ἐλάχιστον
743 1069 942 1152 ἐπισχόντες,
962 1072 1118 1157 νεωτέρων
1134 1061 1229 1144 αὖθις
1244 1068 1368 1154 ἐφίεντο

286 1164 493 1254 πραγμάτων,
524 1169 579 1230 καί
599 1167 632 1242 ἐς
649 1166 753 1252 οἷρχὴν
775 1162 884 1252 ἑτέρον
914 1169 1050 1249 πολέμου
1076 1166 1278 1237 sotiorum.
1299 1165 1373 1231 ἐπεί

256 1345 259 1350 ¹
285 1289 321 1330 τε
341 1265 434 1329 αύτοί
448 1261 528 1344 κατύ
547 1267 632 1350 σφοῖς
654 1267 755 1330 οὐκέτι
782 1263 861 1352 πρός
878 1265 1060 1347 Ῥωμαίους
1082 1265 1249 1347 ἀξιόμαχοι
1271 1255 1368 1353 ᾤοντο

286 1359 378 1443 εἶναι,
397 1356 511 1426 αύτύια
529 1359 616 1446 παρύ
631 1361 707 1438 τούς
732 1366 899 1449 Φράγγους
916 1361 1094 1450 ἐτράποντο,
1113 1358 1240 1444 ἄμεινον
1256 1364 1408 1448 σφίσινιο

287 1463 394 1536 αὐτοῖς
406 1457 442 1524 τό
460 1459 601 1545 παρόντα
622 1457 753 1526 ἔσεσθαι
770 1461 935 1547 κρίνοντες,
956 1461 1077 1547 καίτῆν
1097 1457 1251 1548 ύφέλειαν
1274 1464 1309 1536 ἐς
1327 1456 1346 1524 ό
1354 1510 1367 1542 ,

286 1583 317 1624 τι
330 1558 465 1639 μάλιστα
490 1558 714 1649 trapezuntem
723 1610 732 1639 ‚
752 1557 816 1641 εἴγε
830 1559 864 1638 ἐξ
884 1555 1009 1646 ὁμόρων
1021 1584 1054 1625 τε
1069 1562 1125 1627 καί
1142 1559 1367 1646 ἀστυγειτόνων

285 1655 467 1739 ξυμμαχίαν
482 1655 666 1738 ἐπαγόμενοι
686 1651 753 1720 εἶτα
768 1659 885 1720 θᾶττον
902 1658 1160 1741 οἷναμαχὲσοιντο.
1408 1654 1412 1657 ’

263 1765 288 1818 D
345 1750 384 1836 β.
397 1748 578 1837 Πρόοοικοί
593 1777 627 1817 τε
638 1755 698 1838 γάρ
711 1755 819 1840 εἰσιτῇ
836 1754 951 1846 Ἰταλίρ
965 1759 1021 1821 καί
1034 1745 1254 1842 ύγχιτέρμονις
1266 1750 1303 1820 τό
1314 1759 1366 1838 γέ-

285 1875 339 1928 νος
354 1853 416 1916 τῶν
426 1851 586 1936 Φρύγγων.
606 1847 668 1917 εἶεν
683 1855 719 1916 δ’
735 1845 774 1918 όν
792 1844 876 1919 οὗτοι
894 1852 925 1918 οἱ
941 1854 1040 1918 πύλαι
1054 1848 1277 1934 ὀνομαζόμενοι
1284 1856 1405 1938 Tap-15

285 1953 390 2032 μανοί.
401 1951 494 2034 δῆλον
512 1951 558 2013 δέ*
572 1944 785 2036 ἀμφίῬῆνον
796 1949 855 2038 γύρ
864 1951 1005 2036 ποταμόν
1018 1947 1137 2016 οἰκοῦσι
1152 1953 1207 2018 καί
1214 1949 1271 2036 τήν
1286 1951 1366 2016 ταύ-

284 2073 323 2134 τῃ
333 2039 469 2132 ἤπειρον,
482 2044 589 2129 ἔχουσι
598 2050 634 2112 δὲ
646 2047 701 2113 καὶ
716 2052 746 2113 Γ
744 2053 861 2115 ulteris
877 2049 916 2116 τύ
932 2043 1116 2131 πλεῖστα,ού
1125 2049 1275 2136 πρότερον
1286 2051 1367 2135 πρός

285 2147 389 2211 αύτοόν
398 2145 598 2228 κατεχόμενα,
615 2147 684 2212 ἄλλ’
697 2143 826 2234 ὕστερον
839 2149 1052 2234 ἐπινοηθέντα,
1063 2151 1119 2212 καί
1126 2145 1182 2232 τίγν
1192 2145 1365 2212 Μασσαλί-

284 2269 323 2310 αν
340 2242 437 2324 πόλιν,
453 2241 528 2320 τούς
536 2244 650 2311 Ἰαόνων
673 2239 831 2323 ἇποίκους.
848 2233 966 2330 ταύύην
981 2244 1040 2332 γύρ
1054 2244 1093 2330 δὴ
1103 2246 1201 2311 πύλαι
1222 2249 1365 2320 Φωκαεῖς

283 2337 429 2419 ἕξἎσίας
440 2339 634 2427 ύπόΜήύων
644 2343 834 2420 ἀναστάντες
844 2343 1230 2432 κατῴκισανβαρειόυτού
1245 2340 1404 2409 Ὓοτύ-κο

282 2443 507 2527 σπεωΠερσιόν
516 2442 741 2524 βασιλεύοντος,
750 2447 807 2507 καί
812 2439 1083 2527 νύνέξἙλληνίύος
1098 2439 1168 2506 ἐστί
1174 2439 1365 2527 βαρβαρική·

350 2544 375 2613 4
397 2542 545 2613 ὁμοσμένο
567 2544 596 2595 li.
668 2546 691 2597 5.
712 2546 877 2613 κατέχοντες
900 2546 931 2597 li.
985 2546 1023 2598 13.
1039 2542 1069 2602 ss
1089 2540 1149 2595 εἶτα
1169 2544 1199 2594 li.
1253 2540 1364 2613 ιῖναμιιὅ

350 2613 483 2701 χέσοιντο
507 2616 556 2677 lt,
583 2612 791 2684 ἀναμαχίοιντο
818 2616 890 2667 vul.
952 2612 1120 2682 retentu
1144 2612 1275 2663 instit.
1326 2612 1360 2675 τῆ

361 2682 456 2751 Ιταλίγ
473 2684 513 2745 R,
531 2682 579 2747 τῆς
593 2684 715 2742 Ἰταλίας
729 2686 810 2754 vulg,
827 2700 927 2749 ταύτης
948 2684 978 2735 li.
1067 2697 1106 2752 ιγ,
1128 2679 1160 2735 δὲ
1178 2684 1219 2745 lt,
1236 2694 1272 2750 γε
1289 2664 1362 2753 vulp.

353 2769 395 2805 ao.
415 2751 578 2821 κατῴκησαν
595 2756 623 2805 Η.
1180 2771 1183 2774 “

282 2838 372 2891 bitum
387 2842 444 2890 erat
458 2846 662 2908 concesserunt;
687 2840 735 2892 alii
754 2856 818 2892 sero
839 2847 911 2891 trans
928 2838 1028 2892 Padum
1044 2841 1114 2891 circa
1128 2838 1256 2891 venetias
1274 2838 1360 2906 sparsi

283 2911 314 2961 in
331 2909 448 2960 castellis
463 2916 491 2961 et
506 2910 658 2979 oppidulis‚
675 2910 775 2981 quibus
791 2916 941 2971 assuerant,
959 2909 1146 2963 consederunt„
1183 2908 1252 2960 Cum
1265 2909 1360 2979 itaque

283 2976 336 3029 hoc
359 2979 387 3031 iu
416 2987 486 3030 statu
509 2988 598 3032 esseut
623 2998 665 3032 res
686 2979 849 3042 Gothorum,
878 2979 992 3031 decebat
1015 2980 1089 3049 ipsos
1111 2985 1188 3047 pasta
1213 2980 1302 3030 iurata
1328 2993 1359 3029 re

283 3048 343 3117 ipsa
366 3049 498 3119 factisque
519 3050 676 3103 confirmare
694 3058 722 3101 et
739 3050 877 3111 stabilire,
903 3057 932 3101 et
951 3066 993 3102 res
1009 3067 1069 3101 suas
1085 3052 1115 3101 in
1136 3057 1197 3100 tuto
1211 3047 1359 3099 eontinen-

283 3124 334 3183 tes,
352 3136 438 3171 sessa
454 3120 589 3172 diuturnis
605 3120 734 3191 perieulis
749 3119 905 3182 vindicare,
930 3127 1012 3191 atque
1030 3116 1178 3189 aliquando
1196 3115 1306 3169 undem
1322 3117 1358 3168 als

284 3191 419 3241 aerumnis
440 3191 580 3258 respirare.
616 3191 652 3242 At
671 3206 734 3241 vero
755 3206 815 3241 cum
831 3206 881 3260 per
897 3189 1083 3241 brevissimum
1096 3197 1201 3256 tempus
1216 3202 1275 3239 sese
1291 3203 1360 3238 eon-

282 3259 444 3321 tinuissent,
468 3278 557 3313 rursus
581 3278 622 3313 res
642 3276 723 3312 novas
741 3262 846 3323 moliti,
879 3260 993 3311 alterius
1017 3259 1085 3311 belli
1102 3257 1214 3310 semina·
1227 3260 1359 3309 iecerunt

285 3326 407 3399 Cumque
424 3330 478 3397 ipsi
499 3348 548 3399 per
565 3346 594 3383 se
616 3332 730 3399 impares
746 3346 804 3383 sess
819 3330 986 3393 iudicarent,
1013 3329 1061 3400 qui
1078 3327 1207 3397 deinceps
1227 3343 1289 3378 eum
1305 3328 1360 3379 lio-

283 3398 368 3449 manis
382 3400 592 3465 praeliarentur,
620 3402 710 3453 statim
730 3399 765 3452 ad
788 3400 904 3452 Francos
922 3416 950 3451 se
971 3406 1177 3459 converterunt,
1203 3396 1299 3448 melius
1316 3414 1360 3447 res

283 3484 344 3519 suas
363 3467 502 3520 habituras
527 3472 597 3533 rati,
623 3472 826 3541 utilitatemque
847 3487 875 3521 se
897 3469 962 3521 inde
982 3470 1062 3538 longe
1075 3467 1240 3520 uberrimam
1259 3483 1357 3535 perce·

282 3546 392 3607 pturos,
419 3540 441 3590 si
465 3536 526 3591 cum
542 3541 664 3593 finitimis
681 3550 709 3594 et
724 3540 883 3611 propinquis
899 3540 1029 3592 societate
1045 3540 1116 3591 inita
1131 3537 1235 3589 bellum
1247 3537 1358 3589 facilius

281 3608 469 3661 instaurarent.

356 3696 379 3731 a.
400 3680 469 3731 Sunt
486 3680 558 3732 enim
571 3680 668 3733 Franci
681 3680 755 3732 Italis
771 3680 878 3732 accolae
894 3684 923 3729 et
933 3678 1103 3741 contermini,
1121 3678 1187 3730 olim
1201 3676 1269 3730 dieti
1286 3675 1356 3728 Ger·

283 3749 373 3813 mani3
411 3750 485 3821 quod
511 3750 623 3820 quidem
645 3752 709 3806 satis
737 3756 850 3801 constat.
896 3746 964 3799 Nam
993 3748 1064 3798 eirea
1094 3746 1217 3801 Rhenum
1242 3747 1357 3799 fluvium

282 3815 431 3881 habitant,¹
456 3829 485 3873 et
508 3820 693 3873 continentem
717 3821 742 3871 ei
768 3819 951 3879 adiacentem,
984 3818 1182 3889 maximamque
1204 3818 1357 3870 Galliarum

284 3894 390 3957 partem
414 3900 559 3959 occupant,
587 3907 643 3943 uon
667 3886 779 3960 quidem
804 3891 857 3941 iam
879 3889 945 3940 olim
969 3886 1004 3938 ab
1027 3888 1093 3956 ipsis
1119 3903 1281 3957 possessam,
1306 3888 1358 3938 sed

283 3958 419 4077 posterius
439 3962 606 4029 acquisitam.
642 3960 791 4011 Massiliam
811 3957 1037 4029 quoqueurbem
1054 3966 1165 4021 tenent,
1189 3958 1285 4010 Ionum
1307 3972 1357 4008 oo-

297 4028 393 4077 oniam.
430 4028 504 4081 lianc
521 4032 594 4081 enim
612 4031 677 4083 olim
695 4029 846 4083 Phocenses
860 4046 895 4081 ex
915 4028 979 4079 Asia
998 4046 1015 4079 a
1028 4027 1118 4081 Medis
1137 4028 1212 4098 pulsi
1232 4025 1358 4078 ἰοοοίυο·

284 4103 356 4157 runt,
374 4098 457 4149 Dario
473 4100 612 4169 Hystaspis
636 4102 693 4153 filio
718 4100 791 4169 apud
807 4099 899 4151 Persas
916 4104 1062 4168 πομπαῖος
1086 4105 1115 4150 et
1132 4114 1206 4150 nune
1222 4114 1257 4148 ex
1268 4094 1357 4147 Grae-

285 4167 377 4219 canica
408 4174 450 4220 est
481 4167 627 4223 barbarica.
673 4172 760 4223 Patria
790 4172 863 4223 euim
893 4170 933 4223 rei
962 4167 1089 4237 publiose
1120 4166 1358 4219 administratione

284 4236 404 4301 atissa,
436 4240 630 4311 imperantium
657 4240 765 4313 legibus
789 4242 884 4296 ouran
925 4236 1043 4295 videsue
1064 4252 1128 4295 seso
1155 4238 1240 4293 aean
1263 4234 1360 4295 hodie·
