3109 4950
338 313 421 416 314
805 339 1013 412 solmiac

190 505 253 562 lc
271 508 323 566 55⁸
417 495 465 574 ιζ.
506 491 607 578 ,Οδχ
626 493 670 572 ἀς
698 496 733 562 εἰι
753 496 846 572 δέους
864 495 955 579 ὑμᾶς,
976 489 1005 563 ὦ
1024 489 1149 584 ἀνδρες,
1176 498 1255 585 πρὸς
1273 499 1309 564 τὸ
1326 503 1407 588 θαή-

231 581 401 680 ιΜ’ήεῐν
421 592 624 678 ἀναστήσων,
642 597 736 660 τοῦτο
756 594 795 680 δή
825 592 860 660 τὸ
880 594 941 681 πρὸ
954 599 1017 662 τῶν
1037 594 1188 664 κινδύνων
1214 597 1407 682 γιγνόμενον,

331 687 397 776 ἥκω
416 701 480 768 τοῖς
497 691 623 758 εἰωθόσι
644 693 839 782 χρησόμενος
859 693 969 776 λόγοις·
1006 688 1104 780 ήγάρ
1127 690 1167 760 ἀν
1195 696 1249 760 καί
1267 698 1407 781 ἐπιλελή-

332 794 412 854 σθαι
436 792 501 854 τάν
529 789 678 876 πρότερόν
706 814 764 872 μοι
795 793 834 878 τῇ
865 789 957 882 πείρρ
976 795 1178 876 γνωσθέντων
1206 792 1330 876 δόξαιμι
1358 791 1407 877 ἀν,

330 885 394 972 εἴγε
413 884 619 974 στρατιώταις
634 888 814 970 Ῥωμαίοις,
835 889 869 954 ε’ν
889 895 1083 971 συμπλοκαῖς
1102 890 1154 954 ἀεί’
1170 889 1428 977 τεθραμμένοιςρ

332 984 389 1051 καὶ
413 989 573 1060 πολιτείας
602 984 646 1062 ἀς
674 988 773 1052 εἰπεῖν
800 989 957 1071 μεγίστων
985 990 1086 1054 ἐθνῶν
1112 992 1313 1070 καθελοῦσα,
1341 985 1409 1055 εἶτα

330 1086 389 1149 νῦν
417 1087 699 1170 παραταττομένοις
726 1082 805 1172 πρὸς
825 1085 1006 1172 βαρβάρους
1036 1080 1168 1171 ἀλήτας,
1196 1091 1251 1152 κατ’
1278 1090 1408 1162 τούτους

331 1175 472 1258 Oinone
490 1183 545 1247 καί
563 1179 814 1268 Κοτριγοήρους,
845 1182 1030 1270 παραίνεσίν
1049 1209 1119 1250 τινα
1140 1183 1218 1270 πρὸς
1237 1182 1272 1250 τὸ
1291 1183 1336 1269 μή
1357 1188 1407 1250 δε-

297 1279 432 1346 1)διέναι
452 1278 635 1366 προθήσειν.
695 1275 766 1346 ἀλλ’
786 1280 868 1368 ὁρῶν
889 1282 922 1345 έν
941 1280 1016 1362 ὑμῖν
1035 1282 1113 1347 πολὺ
1135 1280 1171 1349 τὸ
1192 1284 1408 1370 ἀπερφρονοδν

323 1378 385 1456 ‚sai
401 1377 659 1466 θρασυνόμενον,
692 1379 748 1446 καὶ
771 1383 854 1466 πέρα
884 1383 942 1446 τοῦ
970 1384 1168 1460 καθεστῶτος
1187 1383 1330 1468 ἠρμένον,
1352 1378 1446 1448 odero

328 1471 441 1563 ἀλογον
459 1475 543 1544 εἶναι
561 1477 596 1544 τὸ
619 1482 685 1544 δεῖν
704 1475 884 1564 ἀναμνῆσαι
902 1481 958 1564 τῆς
978 1479 1114 1564 ἀρχαίας
1131 1480 1221 1562 ὑμῶν
1238 1476 1408 1562 εὐκοσμίας

328 1571 442 1665 ᾠήθην.
475 1574 509 1645 τέ
531 1574 590 1662 γάρ
612 1575 759 1663 ἔκμετρον
779 1579 944 1663 πανταχοῦ
965 1579 1142 1662 φυλακτέον
1160 1587 1223 1654 τοῖς
1243 1576 1409 1665 ἔμφροσιν,

326 1680 359 1742 o’
376 1675 432 1742 καί
446 1674 526 1762 πρός
553 1699 585 1739 τι
604 1677 667 1742 τῶν
695 1677 930 1756 ἐπαινουμένων
957 1677 1129 1761 φερόμενον
1153 1675 1256 1760 τύχοι·
1295 1682 1350 1744 κατ’
1370 1680 1407 1742 τὰ

325 1781 537 1858 μεγαλαυχεῖν
563 1777 596 1848 ές
622 1775 768 1838 τοσοῦτον
793 1780 858 1850 τοῖς
877 1775 1147 1859 προϋπηργμένας
1176 1779 1211 1852 ἐς
1241 1769 1313 1840 ὅσον
1345 1779 1409 1841 τῶν

325 1869 443 1956 ὁμοίων
473 1871 528 1937 διά
558 1869 675 1950 παντὸς
703 1867 871 1955 τυγχάνειν
889 1878 1078 1954 πεπεῖσθαι,
1106 1871 1164 1959 τήν
1192 1877 1302 1940 ἀετοῦ
1321 1880 1444 1958 lepre-15

327 1975 412 2054 σμοδ
436 1969 635 2058 προμήθειαν
664 1966 854 2054 ἀποβάλλειν
885 1978 990 2060 φιλεῖ,
1031 1975 1086 2038 κατ’
1111 1971 1191 2059 πρὸς
1223 1968 1408 2053 ἀλαζονείαν
1504 2049 1505 2058 ¹

326 2073 458 2152 ἀξάγειν.
486 2079 555 2146 τοῖς
581 2071 616 2136 δὲ
637 2069 718 2157 πρὸς
745 2071 839 2135 τοῦτο
858 2071 1035 2156 παρανοίας
1055 2069 1255 2156 έληλακόσιν,
1284 2072 1327 2148 οἷς
1347 2099 1410 2157 μή·

328 2171 384 2235 δέν
405 2169 511 2234 ὁτιοῦν
531 2172 566 2234 ε’ν
586 2172 630 2256 νῷ
649 2168 800 2236 τίθεσθαι
820 2171 884 2246 τῶν
905 2173 1052 2255 μετρίων,
1073 2165 1131 2234 κάν
1152 2165 1231 2238 odsi
1251 2169 1287 2236 τὸ
1305 2181 1410 2257 κρεῖτ-

325 2292 381 2335 τον
415 2263 657 2336 ἀντιτάττεσθαι
683 2271 879 2354 προαχθείη·
936 2271 1037 2334 καίτοι
1065 2269 1189 2335 κάκεῖνο
1221 2275 1409 2338 σκοπεῖσθαι

321 2365 446 2451 χρεων,
485 2366 529 2444 ὥς
556 2369 659 2434 εἶναι’
687 2369 792 2454 πολλῷ
813 2369 868 2451 τῆς
888 2363 1043 2454 ὑμετέρας
1071 2362 1218 2454 ἀνδρείας
1237 2365 1448 2452 ήττιέμενοιςυ

322 2464 468 2552 τύχοιεν,
504 2462 584 2534 ἀλλά
608 2469 653 2556 τῷ
677 2464 792 2553 πλήθει
813 2465 973 2553 κρατοῦσα
1014 2464 1069 2533 καί
1087 2463 1172 2556 εἴπερ
1192 2464 1228 2535 τὸ
1249 2463 1408 2554 ἑκατέρω-

393 2624 578 2690 r.ol01n.ll.
648 2634 672 2689 5.
694 2634 797 2687 tirell.
876 2636 900 2691 8,
921 2632 1120 2706 Κοτριγόρους
1138 2637 1167 2688 R.
1196 2643 1225 2689 et
1240 2636 1309 2707 vulg.
1379 2657 1409 2707 9.

390 2703 571 2772 προσθήσειν
581 2704 619 2768 Β,
638 2707 780 2772 προθείην
797 2705 867 2755 coni.
878 2704 917 2757 cl.
993 2706 1122 2776 ιι.ο“μιόν
1134 2708 1162 2757 R.
1182 2716 1210 2759 et
1231 2709 1316 2777 Intpr.
1327 2720 1408 2761 vete-

321 2830 325 2838 ,
390 2777 431 2827 ris
452 2787 561 2827 vestrae
578 2773 738 2837 modestiae,
759 2774 837 2843 δμιῖς
853 2775 924 2843 vulg.
1008 2778 1048 2833 13.
1060 2775 1130 2845 τύχη
1150 2780 1178 2827 R.
1253 2776 1291 2845 ιδ.
1313 2782 1409 2849 arpoti-

388 2845 631 2912 πηργαμένοιςΒ,
648 2845 733 2913 Intpr.
752 2843 860 2913 legebat
884 2845 1210 2917 προδπειργασμένοιςι
1241 2848 1322 2901 rebus
1340 2848 1408 2900 olim

391 2914 502 2983 egregie
520 2916 611 2985 gestit.
704 2918 746 2971 ιθ.
764 2913 821 2970 κάν
834 2917 873 2979 R,
892 2918 941 2967 καὶ
957 2916 1041 2987 Lugd.
1061 2926 1089 2971 et
1108 2918 1150 2969 ed.
1169 2934 1219 2986 pn,
1237 2918 1297 2971 κατ’
1305 2919 1362 2971 Por.

395 3088 433 3141 ¹7·
470 3071 549 3135 „Nou
564 3081 692 3143 tauquam
708 3089 723 3125 e
744 3082 818 3126 metu
837 3090 894 3135 vos,
913 3092 929 3126 o
948 3076 1010 3139 viri,
1028 3075 1063 3127 ad
1079 3074 1233 3129 audendum
1257 3085 1407 3142 erecturus,

321 3142 410 3213 (quod
421 3142 532 3211 quidem
546 3152 609 3196 ante
622 3146 726 3211 proelia
739 3146 799 3196 fleri
815 3146 907 3207 solet)
924 3148 1022 3209 venio,
1040 3147 1174 3198 consuetis
1193 3166 1289 3199 usurus
1304 3150 1406 3201 verbis.

320 3211 436 3265 Viderer
452 3216 525 3265 enim
536 3216 658 3283 profecto
674 3232 775 3276 eorum,
824 3231 855 3265 ee
876 3216 942 3266 olim
957 3218 1126 3285 experientia
1140 3218 1200 3285 ipss
1211 3217 1280 3270 mihi
1296 3222 1410 3288 cognita

323 3291 398 3345 sunt,
411 3283 523 3346 oblitus,
543 3287 566 3335 si
586 3285 658 3351 apud
676 3286 778 3336 milites
817 3301 929 3335 omanos
953 3287 983 3337 in
1006 3288 1119 3355 proeliis
1138 3304 1242 3356 semper
1266 3288 1409 3352 educatos,

321 3355 426 3422 quique
444 3356 618 3405 maximarum
641 3370 726 3423 prope
747 3355 862 3406 dixerim
886 3358 1008 3424 gentium
1027 3374 1068 3408 res
1094 3357 1215 3425 publicas
1240 3366 1411 3422 everterunt,

321 3420 395 3475 nune
406 3440 471 3476 vero
482 3424 608 3475 adversus
618 3441 699 3493 vagos
713 3424 860 3487 barbaros,
877 3434 959 3497 atque
979 3426 1029 3477 hos
1044 3426 1156 3497 quidem
1171 3428 1283 3479 Huuuos
1304 3438 1334 3483 et
1348 3430 1410 3481 Co-

320 3494 457 3562 triguros‚
475 3493 664 3545 exhortatione
680 3495 798 3565 quadam
810 3494 844 3545 ad
862 3495 1055 3547 excutiendum
1077 3506 1178 3549 metum
1200 3498 1409 3551 accommodata

320 3571 420 3616 uterer.
440 3563 493 3615 Sed
504 3581 562 3615 cum
579 3582 608 3618 m
624 3565 701 3615 vobis
721 3582 842 3635 magnam
858 3566 1010 3617 animorum
1032 3566 1178 3619 elationem
1194 3568 1410 3621 confidentiam-

321 3648 376 3703 que
391 3634 601 3687 animadvertam
616 3635 726 3686 modum
742 3651 849 3686 omnem
872 3635 1062 3701 excedentem,
1083 3655 1139 3689 non
1159 3638 1207 3689 abs
1226 3656 1255 3690 re
1282 3640 1410 3691 facturus

320 3701 391 3753 milri
412 3720 471 3755 sum
490 3706 579 3769 visus,
596 3707 620 3756 si
643 3722 691 3757 vos
712 3707 812 3757 veteris
829 3712 932 3757 vestrae
957 3708 1108 3759 modestiae
1133 3709 1408 3760 commonefacerem

324 3771 412 3823 Omne
427 3777 501 3827 euim
516 3774 720 3827 immoderatum
740 3792 901 3845 quacunque
915 3778 944 3827 in
960 3794 989 3828 re
1005 3778 1143 3830 vitandum
1153 3780 1266 3831 estriris
1276 3780 1409 3843 cordatis,

321 3843 430 3894 etiamsi
448 3846 484 3897 ad
498 3846 665 3898 laudabilem
678 3846 799 3915 aliquem
817 3847 899 3897 finem
920 3847 1030 3911 tendat,
1056 3855 1084 3899 et
1104 3850 1189 3899 nimis
1209 3851 1293 3900 animi
1318 3850 1408 3901 elatio

321 3911 506 3984 gloriatioque
521 3918 555 3969 de
569 3917 649 3969 rebus
670 3924 750 3967 antes
768 3915 841 3967 hene
862 3918 959 3985 gestis,
978 3936 1031 3987 qua
1055 3919 1170 3970 similem
1189 3928 1323 3987 perpetuo
1342 3938 1410 3971 suc-

320 3996 424 4033 cessum
438 3994 511 4037 certo
526 3987 606 4040 nohis
619 3985 796 4053 pollicemur,
820 3984 994 4054 prudentiam
1016 4006 1049 4039 ex
1068 3990 1167 4041 animis
1178 3990 1320 4059 profligare
1337 4008 1409 4043 con-

320 4052 425 4114 suevit,
453 4062 481 4104 et
506 4055 541 4106 ad
571 4056 736 4125 superbiam.
751 4057 984 4127 arrogantiamque
1007 4061 1151 4111 concitare
1199 4058 1255 4127 Qui
1280 4076 1346 4111 vero
1370 4078 1410 4111 eo

320 4123 447 4174 vesaniae
461 4134 609 4188 venerunt,
633 4135 665 4178 ut
686 4126 757 4178 nihil
771 4126 938 4179 moderatum
959 4130 1048 4180 animo
1071 4132 1240 4199 concipiunt,
1266 4130 1287 4179 ii
1309 4130 1354 4181 vel
1368 4128 1411 4180 acl

320 4191 409 4253 Deum
429 4194 516 4263 ipsum
537 4196 748 4264 oppugnandum
766 4206 829 4249 sunt
851 4199 961 4249 evasuri.
998 4198 1106 4251 Adhsec
1127 4198 1296 4251 considerare
1320 4200 1412 4254 etiam

323 4269 444 4337 oportet,
472 4265 545 4342 quod
564 4268 670 4323 tametsi
695 4267 805 4327 barbari
836 4266 935 4321 virtute
965 4268 1114 4343 heilicauet
1135 4269 1298 4329 sordiudine
1322 4270 1413 4347 leuge
