3109 4950
316 305 393 389 170
741 304 965 369 noarann

169 464 198 521 d.
206 465 307 537 (λὸόλ
315 478 384 539 νον,
405 449 482 543 ᾖδον
502 454 532 521 οἱ
554 455 695 541 Κόλχοι,
716 462 771 523 καί
784 457 1014 539 μετεπείθοντο.
1040 455 1181 537 μάλιστα
1199 456 1258 546 γὰρ
1281 452 1397 537 adroic

202 539 253 597 Η·
273 542 360 631 28εἰς
380 558 472 621 τοῦτο
492 556 652 640 συνήλασε,
666 554 702 621 τό
720 558 876 638 δεδιέναι,
902 556 948 641 μή
964 579 1037 620 ποτε
1053 548 1136 641 ἀρα,
1155 559 1186 622 εἰ
1196 566 1396 640 μετασταῖεν,

311 652 367 719 καί
389 651 447 739 τὴν
473 654 526 719 snt
550 659 594 741 aqi
614 659 765 741 κρείττονι
789 657 882 733 δόξαν
905 656 1122 743 ἀφαιρεθεῖεν.
1156 654 1263 742 ἐπειδὴ
1290 649 1350 722 ’σόν
1375 658 1395 741 ἦ

308 756 365 819 τοῦ
384 754 555 839 Φαρτάζου
578 755 685 839 γνώμη
709 756 817 836 ἐνίκα,
844 756 955 822 αὐτίκα
975 754 1003 818 οἱ
1023 746 1146 840 ἀριστοι
1170 753 1225 819 καί
1246 752 1397 841 εὐπατρί-

310 854 365 915 δαι
384 852 442 915 τοῦ
461 847 572 928 ἔθνους
595 853 806 941 Ἰουσιινιανῷ
829 859 958 936 βασιλεῖ
976 851 1015 918 td
1028 852 1082 917 ε’πδ
1099 858 1130 919 Γ
1128 852 1247 941 ουβάζη
1274 853 1417 932 §vvere-5

309 954 428 1033 χθόνια
456 949 653 1035 διήγγειλαν,
690 946 816 1017 ἀπασόν
838 955 874 1019 τέ
899 950 930 1017 οἱ
949 952 1154 1035 ἀνεκόλυιμαν
1181 948 1239 1036 τὴν
1262 954 1396 1037 ἀπάτην,

308 1047 352 1125 cic
367 1050 482 1127 ἐκεῖνος
497 1054 556 1133 μὲν
573 1043 645 1117 οὔτε
661 1053 798 1137 μηδίσας
815 1050 964 1134 πώποτε,
977 1043 1048 1117 οὔτε
1060 1043 1137 1116 ἀλλο
1152 1078 1185 1117 τι
1200 1043 1299 1138 ἀχαρι
1315 1048 1395 1115 κατά

303 1148 470 1230 Ῥωμαίων
493 1148 742 1233 βουλευσόμενος
770 1147 853 1235 ἧλοι,
885 1148 916 1217 οἱ
937 1154 973 1219 δὲ
992 1152 1081 1237 ἀμφὶ
1095 1148 1266 1237 Μαρτῖνόν
1285 1174 1319 1215 τε
1341 1151 1399 1215 καί

303 1245 509 1328 ‘Pataram
533 1247 640 1334 ἐπειδὴ
660 1250 769 1327 αάτοῖς
788 1248 852 1314 ἀπὸ
876 1250 1036 1340 ῥᾳστώνης
1056 1248 1148 1331 θαμά
1164 1252 1396 1337 σφαλλομένοις

310 1345 455 1411 ἐπεκάλει
477 1370 511 1411 τε
530 1345 570 1413 τό
586 1346 691 1415 εἰκότα
710 1352 767 1413 καί
788 1350 1012 1434 ἐχαλέπαινεν,
1040 1347 1069 1413 οἱ
1094 1351 1129 1414 δὲ
1148 1345 1262 1433 ταύτην
1281 1372 1316 1411 τε
1338 1345 1440 1432 rivio

280 1448 523 1532 counopavrs'as
540 1445 799 1533 ἐμηχανήσαντο,
828 1450 884 1513 κατ’
905 1446 961 1513 τόν
984 1449 1077 1513 οὐδὲν
1098 1444 1302 1533 ἡμαρτηκότα
1331 1447 1397 1510 διί-

310 1548 460 1631 φθειραν.
481 1546 605 1612 ἐδέοντο
628 1546 667 1631 δὴ
690 1540 748 1613 οὖν
765 1551 806 1635 τῇ
821 1550 880 1613 τοῦ
894 1551 1115 1631 κατοιχομένου
1134 1549 1224 1633 ψυχῇ
1244 1547 1336 1610 τοῦτο
1355 1542 1394 1627 δη

309 1654 488 1728 παρασχεῖν
501 1641 538 1709 τό
557 1644 773 1733 χαριστήριον·
795 1644 900 1731 ἔλεγον
920 1649 957 1713 δὲ
971 1647 1028 1711 οὐκ
1046 1638 1123 1712 ἀλλο
1142 1671 1175 1711 τι
1193 1636 1258 1729 ἀρα
1280 1637 1395 1730 ἢώστε

311 1738 355 1825 με)
381 1737 581 1829 ἀτιμώρητον
604 1751 785 1813 καταλιπεῖν
810 1743 847 1810 τό
880 1746 1041 1831 ἀδίκημα,
1069 1745 1203 1828 βασιλέα
1227 1742 1262 1805 δὲ
1285 1744 1396 1827 σφίσιν

310 1842 474 1926 ἀπιστῆσαι
493 1836 551 1906 odae
571 1841 695 1909 ὀθνεῖόν
720 1870 810 1927 τινα,
849 1846 926 1914 οάδὲ
952 1842 1125 1930 δπηλότην,
1164 1835 1245 1917 ἀλλὰ
1268 1838 1439 1923 mill&

312 1936 368 2003 τόν
383 1942 414 2005 Γ
414 1940 550 2022 aufidios
573 1943 722 2029 νεώτερον
742 1938 879 2031 ἀδελφὸν
897 1946 932 2010 ἐν
950 1946 1118 2033 Βυζαντίιρ
1135 1946 1204 2008 κατ’
1222 1942 1319 2010 ἐκεῖνο
1337 1939 1396 2002 τοῦ

308 2042 422 2125 καιροῦ
438 2040 655 2126 διατρίβοντα,
677 2038 721 2119 ώς
735 2034 774 2109 ἀν
792 2043 899 2119 αὐτοῖς
915 2042 1012 2109 πόλιν
1028 2040 1194 2126 όπότριος
1211 2036 1397 2115 διασώζοιτο

309 2134 404 2218 νόμος
431 2137 487 2204 καί
514 2138 535 2225 ἦ
565 2135 719 2207 ἀνέκαθεν
737 2144 797 2205 τοῦ
814 2144 977 2225 βασιλειλιυ
996 2145 1104 2225 γένους
1121 2134 1297 2225 ἀκραιφνὴς
1319 2133 1397 2217 δμο-

308 2233 410 2319 λογία.
443 2234 520 2321 ὅδὲ,
536 2233 624 2325 (ὅσια
659 2238 720 2326 γὰρ
744 2241 831 2329 adegi
851 2238 951 2307 ἐδόκει
974 2238 1030 2304 καί
1052 2238 1183 2324 driccam)
1200 2234 1244 2312 τός
1254 2234 1395 2323 ,τάχιστα

309 2336 465 2419 ἐπετέλει,
501 2337 558 2404 καί
580 2331 636 2406 οὖν
662 2340 865 2423 Ἀθανάσιον,
887 2342 943 2405 ἕνα
965 2340 1028 2403 τῶν
1042 2340 1154 2424 πρώτα
1175 2333 1336 2417 λαχόντων
1360 2335 1439 2399 imo

79 657 83 685 l

286 2435 358 2523 Βτῇ
380 2436 546 2528 συγκλήτῳ,
571 2440 691 2549 βουλῇ,
723 2436 842 2504 ἔστειλε
867 2434 1115 2523 διασκοπήσοντά
1140 2459 1175 2502 τε
1196 2431 1231 2501 τό
1244 2434 1396 2521 πραχθὲν

379 2595 403 2664 d.
423 2593 621 2667 Φαρτόξουλλ,
635 2595 720 2664 Intpr.
742 2595 888 2649 Phocaeis.
919 2581 948 2649 '5.
967 2596 1007 2665 τρῖ
1023 2596 1048 2647 Ε
1061 2595 1090 2646 tt
1126 2611 1154 2663 η.
1171 2591 1260 2666 ἄχαρι
1281 2591 1341 2644 add
1360 2609 1395 2643 ex

381 2665 525 2733 ll.,1ntpr.
544 2681 605 2716 cum
621 2666 692 2734 vulg.
702 2665 774 2719 facit.
815 2663 1067 2734 16.ἀδελφδπαιδα
1083 2666 1113 2717 ll.
1132 2665 1163 2718 in
1180 2682 1232 2735 mg.
1271 2681 1309 2734 ¹9·
1328 2658 1397 2714 ὅσια

380 2741 409 2784 et
429 2733 528 2787 δίκαια
545 2737 591 2799 Pe,
609 2731 693 2788 ὅσιον
708 2743 737 2788 et
758 2733 873 2792 δίκαιον
888 2737 959 2806 vulg.

312 2874 391 2932 runt,
418 2868 638 2939 sententiamque
661 2876 818 2937 mutarunt3
848 2871 994 2940 praecipue
1019 2886 1083 2923 vero
1107 2869 1181 2940 ipsos
1199 2886 1233 2923 eo
1260 2868 1395 2935 adduxit,

313 2939 387 3010 quod
404 2947 556 2991 metuerent
573 2956 609 2991 ne
626 2941 649 2992 si
671 2939 779 3010 quando
801 2939 836 2992 ad
853 2943 943 2993 Persas
952 2940 1151 3005 desciscerent,
1169 2945 1242 2993 recta
1259 2943 1343 2994 etiam
1358 2942 1397 2994 de

311 3009 371 3062 Deo
390 3010 520 3080 opinione
537 3011 724 3081 religioneque
741 3027 790 3062 sua
806 3012 983 3079 privarentur.
1019 3011 1165 3082 Postquam
1189 3013 1272 3081 igitur
1282 3011 1395 3063 Pharta·

311 3083 350 3132 ais
369 3081 505 3132 sententia
525 3081 605 3144 aicit,
634 3081 727 3133 statim
745 3082 844 3150 optimi
868 3082 979 3153 quidam
1000 3082 1220 3150 nobilissimique
1248 3081 1395 3134 Colchicae

311 3153 400 3221 gentis
419 3151 471 3202 viri
489 3151 587 3202 delecti
606 3158 678 3213 sunt,
698 3151 746 3222 qui
764 3151 917 3207 Iustiniano
934 3152 1102 3222 imperatori,
1117 3153 1232 3224 quaein
1255 3153 1396 3205 Gubazem

310 3229 467 3296 perpetrata
490 3229 581 3273 essent
606 3222 787 3284 nuntiarent,
817 3237 981 3292 omnemque
1011 3222 1193 3274 ei1fraudem
1227 3221 1395 3292 detegerent·

315 3293 445 3361 quodque
462 3291 511 3342 ille
532 3289 643 3363 quidem
661 3293 799 3344 Persarum
816 3294 940 3362 partibus
959 3310 1097 3364 nunquam
1115 3292 1278 3353 studuisset,
1302 3309 1395 3362 neque

315 3360 442 3414 adversus
460 3361 592 3413 Romanos
612 3360 719 3432 aliquid
737 3372 810 3414 esset
825 3365 954 3429 molitus,
977 3363 1112 3416 Martinus
1129 3379 1192 3414 vero
1214 3370 1242 3414 et
1260 3363 1395 3424 Rusticus,

315 3430 391 3504 quod
409 3431 472 3482 illos
489 3447 554 3498 prae
574 3433 681 3502 ignavia
699 3431 879 3503 vecordiaque
898 3435 1056 3504 frequenter
1080 3441 1200 3484 errantes
1222 3434 1321 3484 merito
1346 3433 1397 3483 in·

315 3507 439 3572 creparet
456 3502 550 3572 eisquc
566 3510 746 3565 succenseret,
763 3501 833 3554 hanc
849 3504 904 3573 ipsi
922 3501 1085 3555 calumniam
1099 3505 1276 3565 struxissent,
1302 3511 1331 3554 et
1347 3503 1395 3554 in-

314 3578 459 3624 nocentem
482 3570 669 3624 trucidassent
713 3573 857 3642 Supplices
877 3575 916 3625 ita
955 3573 1185 3642 elmperatorcm
1213 3581 1332 3636 orarunt,
1364 3580 1396 3624 ut

315 3641 438 3698 defuncti
455 3640 580 3693 manibus
597 3641 651 3693 hoc
665 3643 872 3712 gratificaretur;
892 3645 922 3695 ni
945 3645 950 3658 '
980 3659 1043 3697 vero
1062 3643 1138 3696 aliud
1151 3644 1289 3705 dixerunt,
1309 3658 1393 3726 quam

315 3720 348 3763 ut
364 3713 470 3772 lacinus
487 3710 558 3764 illud
575 3713 740 3781 impunitum
764 3729 801 3764 ne
818 3713 1001 3784 relinqueret,
1018 3730 1163 3785 regemque
1187 3713 1243 3765 sibi
1268 3713 1395 3781 dcsrgna-

315 3789 359 3832 ret
382 3800 438 3844 non
456 3781 636 3852 alienigenam
667 3783 799 3854 aliquem,
815 3799 907 3862 neque
922 3786 1110 3853 peregrinum,
1128 3783 1176 3836 sed
1196 3782 1326 3842 Taatbem
1348 3784 1396 3832 iu-

315 3850 422 3909 niorem
440 3852 567 3906 Gubazae
585 3851 712 3917 tratrem,
731 3853 858 3923 quitum
874 3855 1004 3924 temporis
1023 3855 1144 3922 Byzantii
1163 3855 1288 3924 degebat,
1307 3859 1396 3921 utque

316 3921 355 3984 ita
373 3922 440 3990 ipsis
458 3923 547 3984 denuo
565 3924 655 3992 patria
672 3922 717 3974 lex
734 3933 952 3988 conservaretur,
978 3931 1007 3978 et
1022 3925 1090 3994 regii
1116 3928 1222 3995 generis
1246 3926 1299 3979 iam
1327 3921 1396 3973 inde

316 3988 350 4043 ab
369 3993 481 4067 antiquo
499 3994 656 4047 continuata
674 3993 784 4064 sibique
801 4001 926 4048 constans
944 4002 972 4047 et
996 3995 1128 4048 inviolata
1154 3996 1297 4049 successio.
1338 3994 1397 4042 lm-

316 4069 426 4132 pcrator
445 4062 538 4132 itaque
565 4065 694 4137 (aequum
717 4066 791 4117 enirn
816 4064 847 4116 id
871 4066 924 4137 ipsi
947 4064 1092 4118 ridebatur
1119 4074 1149 4118 et
1173 4065 1287 4136 iustum)
1312 4078 1398 4146 quum

317 4131 446 4190 citissime
464 4149 555 4185 eorum
571 4137 703 4206 petitioni
720 4137 863 4201 satisfecit,
880 4145 910 4190 et
927 4135 1113 4199 Athanasium,
1131 4154 1217 4194 unuru
1234 4154 1268 4188 ex
1286 4150 1396 4204 prima-

316 4202 365 4266 tiis
384 4200 569 4267 tentatibus,
593 4207 642 4285 qui
665 4217 790 4270 accurate
819 4209 850 4270 iu
867 4208 968 4271 ἱασιυυι
992 4207 1164 4289 inquireret,
1190 4215 1219 4271 et
1242 4206 1277 4260 de
1300 4220 1334 4265 eu
1361 4213 1397 4264 ct
