3109 4950
420 851 459 921 B.
507 845 884 926 VULCANII
926 851 1311 931 Errs‘roLa

746 1047 1005 1064 m

426 1346 721 1399 ILLUSTRIBUS
754 1346 1155 1415 amrulsslasssous
1185 1350 1308 1402 VlRlS

582 1485 1152 1580 ORDINIBU'S

363 1696 766 1762 nouusuu1au
815 1699 882 1760 ur
929 1695 1389 1784 vv·ssrra1s1au‚·

580 1800 770 1894 nostlltls
807 1843 1146 1896 rorartrlsslrsss.

331 2086 434 2190 Cum
453 2119 558 2184 variae
581 2117 647 2182 sint
663 2127 744 2182 artes
764 2140 802 2182 ac
826 2119 1002 2199 scientiae,
1032 2122 1175 2185 societati
1195 2110 1320 2206 generis
1341 2123 1405 2188 hia.

328 2226 414 2288 mani
434 2225 654 2289 conducibiles
675 2247 711 2288 sc
735 2227 951 2308 necessariae,
976 2228 1122 2290 illustres
1146 2230 1406 2316 Amplissimiqus

329 2328 421 2404 Viri,
457 2327 624 2387 maximam
652 2327 797 2408 profecto
825 2327 953 2393 laudem
977 2334 1140 2385 merentur
1165 2326 1189 2386 ii
1212 2328 1269 2411 qni
1291 2331 1331 2392 ad
1353 2353 1406 2393 eae

328 2426 553 2511 perdiscendas
585 2435 618 2489 et
652 2425 692 2487 ad
719 2425 882 2508 publicam
912 2421 1083 2485 utilitatem
1121 2429 1407 2493 accommodandas

329 2547 424 2587 omns
455 2547 548 2587 suum
576 2524 719 2587 studium
743 2532 839 2605 atque
863 2544 993 2606 operam
1022 2525 1203 2592 conferunt.
1256 2528 1407 2591 Proxima

329 2632 376 2685 est
397 2643 509 2685 eorum
535 2618 604 2685 leus'
629 2610 767 2707 quorum
793 2620 884 2684 labor
908 2621 1010 2682 omnis
1038 2634 1133 2705 atque
1155 2622 1311 2689 industria
1333 2650 1408 2689 ver-

329 2731 416 2783 satur
436 2722 470 2781 in
490 2720 610 2801 linguis
624 2720 878 2803 authoribusque
896 2721 1014 2804 quibus
1031 2722 1106 2784 illae
1126 2724 1211 2807 ipsae
1231 2735 1313 2788 artes
1332 2734 1408 2788 suut

329 2828 484 2883 tractatae
513 2820 671 2901 nobisque
695 2820 829 2882 traditae
855 2821 1043 2883 excolendis
1070 2831 1165 2905 atque
1198 2823 1407 2904 illustrandis,

330 2922 452 3003 quique
469 2920 523 2982 rel
547 2930 673 2983 veteres
695 2921 867 3003 scriptores
892 2922 1032 2983 Graecos
1057 2943 1074 2982 e
1097 2922 1162 2984 situ
1188 2933 1220 2985 et
1245 2924 1407 3005 squallore

330 3029 451 3084 eruunt
472 3028 505 3081 et
532 3018 565 3079 in
590 3018 697 3080 lucem
721 3019 907 3101 proferunt,
938 3020 990 3081 vel
1009 3020 1070 3080 iam
1092 3030 1185 3082 antea
1206 3021 1325 3099 editos,
1352 3023 1406 3083 sed

329 3119 414 3183 male
436 3120 475 3181 ab
499 3118 636 3181 indoctis
656 3118 882 3201 interpretibus
901 3119 1042 3197 habitos,
1077 3121 1255 3201 relinqunt,
1284 3128 1316 3179 et
1339 3121 1408 3202 pri·

331 3219 417 3281 atino
436 3240 556 3302 suoque
576 3216 675 3279 nitori
696 3215 934 3300 integritatique
952 3218 1132 3284 restituunt.
1169 3219 1263 3297 Quod
1277 3218 1409 3302 quidem

330 3315 472 3377 studium
495 3315 619 3378 tametsi
639 3314 679 3377 ob
700 3315 848 3400 exiguam
864 3338 946 3399 quae
970 3317 1046 3377 inde
1066 3316 1197 3399 affulget
1217 3317 1300 3377 lucri
1319 3338 1409 3397 spem

331 3434 508 3499 perpaucos
535 3414 632 3477 hodie
651 3416 747 3478 habet
767 3426 940 3477 sectatores
957 3414 1118 3496 (plerique
1143 3414 1229 3476 enim
1249 3436 1301 3476 eas
1325 3424 1409 3476 artes

331 3521 511 3595 sequuntur
538 3514 695 3594 equibus
715 3513 819 3575 l'acilis
840 3522 889 3575 est
914 3513 953 3573 ad
976 3533 1052 3594 opes
1076 3522 1110 3574 et
1127 3513 1261 3573 honores
1285 3519 1408 3589 cursus)

331 3610 409 3673 mihi
424 3620 548 3688 tamen,
578 3610 633 3691 qui
648 3612 829 3671 studiorum
847 3610 1034 3692 dignitatem
1051 3633 1115 3670 nou
1132 3609 1256 3693 privato
1274 3620 1409 3693 quaestu

331 3712 387 3773 scd
408 3709 535 3793 publica
552 3708 689 3771 utilitate
712 3708 819 3771 metiri
842 3708 949 3788 soleo,
981 3709 1114 3772 mirifice
1136 3731 1261 3793 semper
1278 3708 1410 3792 placuit.

331 3809 508 3871 Utilitatem
530 3826 606 3875 rero
629 3828 724 3889 quam
743 3808 808 3871 hoc
829 3808 928 3871 studii
946 3830 1046 3889 genus
1061 3830 1169 3870 secum
1193 3809 1292 3871 trahit
1311 3808 1409 3889 louge

330 3908 500 3969 maximam
518 3907 589 3990 quis
612 3907 744 3969 obsecro
765 3917 814 3969 est
825 3906 906 3969 adeo
928 3908 1018 3970 rudis
1038 3908 1121 3968 utin
1145 3908 1278 3970 dubium
1296 3908 1410 3968 vocet?

206 4048 210 4056 =
331 4008 365 4071 Si
387 4004 473 4069 enirn
496 4006 558 4068 hoc
582 4008 616 4068 in
637 4008 789 4071 confesso·
807 4017 914 4070 estex
931 4016 1077 4071 veterum
1092 4011 1288 4069 Graecorum
1309 4004 1411 4066 lonti-

227 4173 230 4179 ¹
331 4104 390 4169 bas
415 4103 593 4166 doctrinam
617 4128 746 4169 omnem
774 4126 842 4167 esse
869 4106 1095 4177 hauriendam
1132 4105 1207 4187 quis
1233 4125 1297 4167 noo
1322 4104 1412 4166 videt

332 4202 451 4297 quanti·
465 4201 590 4271 innuit
606 4212 645 4271 ut
668 4204 718 4269 illi
737 4205 798 4295 ipsi
814 4206 920 4283 fontes
938 4204 1012 4294 puri
1035 4214 1132 4291 atque
1149 4202 1266 4272 illimes
1282 4223 1409 4300 conset·
