3109 4950
303 274 403 364 ‘238
723 303 933 370 scimus

170 484 202 538 Α,
214 484 244 538 ρ,
259 456 424 532 556τάϊαιν
438 461 493 522 κατ’
511 455 569 544 τὴν
592 458 751 541 Ἰβηρίαν,
778 453 821 534 ὥς
840 455 878 543 δὴ
895 457 1034 522 malea
1053 455 1270 540 διαχειμάζειν
1283 454 1403 540 βουλό-

213 548 421 641 iidemu,
452 554 577 642 χαίρειν
599 553 699 619 πολλά
716 554 857 633 εἰπόντες
876 557 915 644 τῇ
934 553 1250 642 πρόςΜισιμιανοός
1274 556 1402 620 ε’πικυυ-

316 653 380 744 ρίιγ·
401 648 437 719 od
455 654 516 740 γάρ
534 650 663 736 ἔννομον
681 648 792 730 αάτοῖς
811 656 884 718 οὐδὲ
904 653 1036 739 πάτριον
1056 655 1126 717 κατ’
1136 654 1234 718 ἐκεῖνο
1256 655 1403 748 τοόικαι-

283 757 377 841 1)ροῦ
395 757 428 829 ἒς
444 751 598 836 έκδάμους
614 752 779 838 στρατείας
800 755 1029 818 διαπονεῖσθαι.
1052 749 1081 816 οἱ
1098 753 1133 816 δὲ
1155 747 1314 833 Ῥωμαῖοι
1337 753 1400 817 τοόν

316 849 549 940 ε’φεδρευόντων
573 845 821 935 ἀπαλλαγέντες,
859 856 914 917 καί
938 851 976 936 δὴ
1008 853 1064 935 τῆς
1098 853 1252 936 προτέρας
1278 848 1420 932 εἴχοντοὸ

317 946 412 1026 αὖθις
429 948 566 1034 πορείας.
589 954 764 1033 γενομένοις
779 953 814 1014 δὲ
830 952 938 1026 αάτυῖς
961 945 1049 1036 ἀμφί
1061 946 1096 1014 τό
1114 949 1269 1035 φρούριον
1288 945 1324 1011 τό
1346 955 1399 1012 Τι-

317 1055 439 1136 βέλεος,
461 1042 540 1113 οὕτω
565 1041 761 1131 καλούμενον,
784 1043 800 1113 ό
824 1047 862 1134 δὴ
891 1048 947 1132 τήν
961 1073 996 1112 τε
1017 1051 1080 1112 τῶν
1102 1049 1310 1128 Μισιμιανιόν
1332 1045 1399 1128 χιό-

316 1174 377 1235 ραν
394 1151 449 1212 καί
468 1141 624 1229 Ἀψιλίυιν
640 1146 771 1231 διορίζει
789 1150 843 1211 καί
855 1147 1073 1228 ἀποτέμνεται,
1092 1145 1259 1232 έφιλτταται
1274 1143 1398 1228 όΜαρ-

317 1257 415 1328 τῖνος,
445 1249 498 1332 ἐφ’
514 1236 540 1333 ᾧ
555 1247 588 1320 ἐς
613 1243 652 1309 τά
670 1243 763 1308 λοιπά
793 1247 940 1331 ἡγεῖσθαι
969 1244 1025 1309 καί
1044 1241 1131 1309 άπαν
1161 1241 1196 1308 τό
1216 1242 1397 1330 στράτευμα

318 1345 508 1411 διατάττειν.
536 1341 615 1408 ἀλλά
633 1344 720 1421 νόσος
740 1370 789 1421 τις
813 1346 900 1434 crispi
914 1341 1097 1428 ένοκήψαοα
1119 1342 1269 1429 μοχθηρά
1289 1341 1438 1428 παρεί-ιο

315 1454 385 1513 λετο
406 1443 462 1510 καί
475 1445 613 1526 ἀνέκυψε
637 1440 694 1527 τάν
713 1444 905 1530 προθυμίαν.
935 1443 1024 1508 καίό
1044 1446 1104 1526 μὲν
1128 1443 1228 1506 αὐτοῦ
1249 1439 1398 1523 ἐμεμενή-
1435 1438 1439 1444 ’

313 1570 380 1627 κει,
408 1545 451 1621 ὥς
474 1538 566 1631 ὄλίγιμ
592 1538 723 1630 ὕστερον
744 1545 799 1607 έπί
827 1541 883 1629 τὴν
905 1543 1052 1626 Κολχίδα
1070 1545 1137 1628 Ιγῆν
1166 1541 1326 1626 ἐπανήξων
1347 1540 1400 1604 καί

314 1641 356 1708 τά
377 1643 479 1730 ἐκείνῃ
504 1639 694 1722 πολίσματα.
725 1640 754 1706 οἱ
781 1644 816 1706 δὲ
841 1641 896 1706 καί
916 1639 960 1720 ιδς
982 1637 1043 1707 ἀνά
1063 1640 1103 1706 τό
1125 1638 1230 1728 πρόσω
1248 1643 1396 1726 ἐχώρουν,

315 1738 377 1806 ἀπό
394 1751 460 1816 τοῖς
479 1741 642 1826 προτέροις
662 1741 757 1804 πάλιν
774 1740 923 1824 οἰχόμενοι
949 1737 1109 1826 ἡγεμόσιν.
1138 1743 1245 1827 πρῶτα
1266 1742 1326 1822 μὲν
1344 1730 1398 1802 οὖν

315 1838 466 1931 ᾠήθησαν
482 1841 600 1925 χρῆναι
618 1833 852 1926 ἀποπειρᾶσθαι
873 1843 934 1905 τῶν
954 1843 1180 1922 Μισιμιανιόν,
1210 1838 1244 1904 εἴ
1256 1864 1316 1904 που
1336 1831 1437 1924 riparii

219 1937 495 2010 Ριλλίλὲθελοόοιοι
512 1941 546 2016 ές
566 1935 601 2004 τό
624 1940 755 2026 σῶφρον
773 1935 1000 2024 μεταβάλοιεν,
1028 1939 1084 2004 καί
1099 1935 1173 2016 τοός
1196 1939 1327 2015 οἰκείους
1342 1931 1397 2025 ἄρ-

310 2063 428 2124 χοντας
445 2037 637 2121 ἐπιγνόντες,
664 2040 876 2124 μεταμελήσοι
900 2038 1008 2116 αὐτοῖς
1029 2038 1097 2104 τότε
1117 2041 1192 2124 γοῦν
1215 2041 1279 2103 τιάν
1295 2039 1398 2124 ἦμαρ-

312 2138 475 2224 τημένων,
506 2139 562 2201 καί
582 2140 667 2223 σφᾶς
692 2162 726 2202 τε
751 2133 868 2214 αότοός
895 2147 960 2214 τοῖς
986 2139 1159 2220 Ῥωμαίοις
1181 2135 1397 2222 ἐγχειρίσαιεν,

309 2239 372 2301 καί
387 2232 427 2299 τά
444 2233 596 2322 χρήματα
618 2235 719 2301 όπόσα
741 2233 796 2301 τόν
817 2235 996 2324 Σωτήριχον
1022 2232 1186 2324 ἀφειλοντο
1197 2288 1207 2318 ,
1245 2233 1326 2300 ἀλλά
1346 2232 1399 2298 καί

316 2333 419 2400 ταῦτά
435 2359 469 2419 γε
493 2336 647 2400 ἀποδοῖεν.
668 2336 724 2400 καί
745 2334 852 2400 τοίνυν
869 2338 904 2400 ἐκ
924 2339 982 2400 rosi
1007 2329 1163 2419 Ἀιμιλάον
1188 2337 1297 2420 γένους
1315 2333 1437 2418 λογί-υυ

314 2459 394 2519 μους
403 2427 530 2521 ἀνδρας,
551 2433 595 2511 cie
608 2427 675 2501 οἷόν
692 2459 726 2500 τε
743 2425 793 2522 ἦν,
815 2435 1048 2519 ἀπολεξάμενοι,
1070 2440 1253 2502 στέλλουσιν
1270 2437 1302 2513 ἐς
1321 2436 1397 2500 ταῦ-

314 2559 354 2601 τα
373 2537 671 2620 πρεσβευσομὲνους.
699 2533 729 2597 οἱ
756 2537 792 2597 δὲ
812 2532 1010 2615 Μιοιμιανοί
1030 2534 1168 2625 τοσοάτιρ
1193 2538 1325 2621 ἐδέησαν
1342 2536 1397 2619 τῆς

389 2670 410 2705 ι.
424 2654 474 2705 Pro
495 2651 533 2710 oie
550 2648 583 2717 δι)
603 2655 634 2708 R.
657 2643 765 2717 ἐπειδὴ.
816 2713 818 2718 ,
894 2656 920 2707 6.
943 2654 1025 2721 Intpr.
1050 2653 1193 2707 Τίδιίίαπι.
1321 2654 1358 2705 13.
1373 2642 1398 2704 ί.

384 2726 480 2785 κείνης
497 2725 525 2773 ll.
597 2724 645 2773 καὶ
661 2740 712 2775 orn.
731 2724 787 2773 Par.
867 2726 905 2777 rs.
924 2724 972 2775 Pro
992 2732 1052 2782 τοῖς
1070 2727 1098 2775 ll.
1117 2724 1187 2778 τότε.
1276 2722 1397 2795 ἐγχειρί-

387 2805 470 2844 σαιεν
487 2794 515 2843 ll.
536 2791 656 2862 etLugd.
674 2811 752 2855 nm,
771 2792 973 2864 ἐγχειρίσαιεν
989 2796 1060 2867 vulg.
1165 2811 1206 2849 υτ.
1225 2800 1397 2868 πρεσβευσο·

386 2863 491 2932 μένους
501 2864 530 2913 lt.
547 2863 622 2935 (ct),
646 2868 912 2935 πρεσβευσαμένοις
923 2866 999 2935 ιυαλρ.
1055 2868 1194 2919 τοσοῦτον
1205 2869 1233 2918 R.

251 2962 257 2973 “
318 2955 359 3009 ibi
386 2956 566 3021 hibernandi,
596 2958 699 3008 auxilio
725 2957 888 3009 Misiminnis
911 2958 1023 3010 serendo
1054 2958 1163 3028 longum
1189 2960 1311 3011 dicentes
1332 2958 1396 3011 vele·

317 3028 414 3099 Neque
432 3031 509 3088 enirn,
522 3028 615 3098 patriis
633 3030 755 3095 ipsorum
772 3030 907 3080 institutis
925 3028 1093 3081 semoribus
1113 3039 1153 3083 est
1171 3039 1326 3099 receptum,
1350 3046 1398 3099 per

316 3098 438 3151 hiemem
479 3101 545 3151 foris
587 3100 747 3169 longinquas
785 3098 987 3171 laboriosasque
1025 3100 1214 3168 expeditiones
1254 3103 1397 3170 suscipere.

317 3171 431 3221 Romani
454 3186 517 3222 vero
552 3168 586 3220 ub
612 3168 796 3221 insidentibus
836 3170 936 3221 itinera
959 3170 1045 3223 Persis
1073 3173 1127 3222 iam
1158 3172 1249 3235 liberi,
1282 3173 1397 3239 priorem

318 3258 393 3292 suam
417 3243 447 3292 in
472 3241 642 3293 Misimianos
666 3239 871 3309 expeditionem
898 3250 963 3293 sunt
985 3242 1129 3311 prosecuti.
1177 3241 1246 3293 Cum
1269 3257 1332 3293 vero
1365 3239 1399 3290 ad

316 3312 483 3381 praesidium
499 3312 654 3370 ,‚Tibeleum
687 3312 726 3361 ita
752 3309 855 3362 dictum
885 3313 1039 3375 venissent,
1077 3310 1151 3383 quod
1178 3311 1289 3381 quidem
1320 3310 1398 3363 Misi-

317 3384 468 3433 mianorum
501 3384 638 3450 regionem
670 3379 704 3431 ab
740 3379 852 3450 Apsiliis
884 3382 1076 3445 disterminat,
1116 3382 1226 3435 advenit
1251 3382 1397 3443 Martinus,

316 3462 349 3504 ut
366 3453 484 3521 reliquas
503 3454 594 3519 copias
614 3452 753 3513 ductaret,
774 3460 802 3502 et
820 3454 974 3523 universum
994 3454 1142 3504 exercitum
1161 3454 1307 3504 ordinaret
1346 3451 1398 3505 Sed

316 3524 403 3592 gravis
422 3523 532 3593 quidam
553 3521 662 3573 morbus
686 3524 879 3590 superveniens
910 3523 1052 3574 consilium
1078 3523 1162 3591 ipsius
1181 3524 1303 3575 turbavit
1318 3532 1397 3593 utque

316 3594 471 3661 interrupit
507 3593 597 3661 Atque
617 3594 676 3659 ipse
694 3592 806 3659 quidem
824 3592 864 3643 ibi
885 3594 999 3655 mansit,
1027 3602 1157 3663 tanquam
1185 3594 1267 3665 paulo
1290 3602 1353 3661 post
1369 3594 1399 3644 in

318 3663 471 3715 Colchicam
489 3664 627 3731 regionem
646 3662 759 3731 eiusque
781 3664 891 3713 castella
908 3664 1060 3726 rediturus3
1088 3666 1220 3715 exereitus
1241 3680 1304 3715 vero
1323 3663 1397 3715 nihi-

316 3733 435 3785 lominus
454 3734 567 3785 ulterius
584 3748 738 3801 progressus
758 3740 812 3796 est,
830 3732 880 3784 sub
899 3732 1035 3802 prioribus
1053 3734 1152 3786 iterum
1170 3734 1284 3787 ducibus
1295 3733 1398 3785 ductus.

280 3830 285 3839 ¹
317 3804 436 3860 Primum
458 3805 568 3873 quidem
585 3803 669 3871 igitur
688 3802 833 3855 tentandos
853 3820 909 3853 esse
929 3804 1145 3855 Misimranorum
1163 3808 1266 3857 animos
1286 3818 1397 3856 censue-

319 3881 393 3933 runt,
411 3892 446 3923 an
469 3875 539 3925 forte
555 3874 673 3925 libentes
693 3872 845 3925 adsaniora
864 3874 978 3924 consilis
997 3884 1227 3939 converterentur,
1246 3876 1397 3945 agnitisque

319 3946 375 3994 suis
394 3945 573 4011 principibus,
591 3942 772 4014 poenitudine
789 3944 898 3995 tandem
919 3961 1027 3997 suorum
1048 3944 1210 3997 delictorum
1228 3946 1397 4007 ducerentur,

292 4058 295 4063 1
320 4021 398 4065 etse
424 4014 497 4079 ipsos
518 4016 645 4067 Romanis
665 4012 798 4067 dederent
823 4016 1022 4085 pecuniamque
1042 4032 1168 4080 omnem,
1195 4035 1277 4087 quam
1296 4018 1399 4069 Soteri-

321 4082 372 4135 cho
389 4084 562 4149 eripuerant,
582 4086 764 4161 restituerent
807 4086 934 4139 Delectos
958 4087 1051 4169 itaque
1078 4104 1111 4138 er
1128 4086 1295 4156 Apsiliorum
1319 4096 1398 4157 gente

320 4153 483 4223 spectabiles
509 4154 580 4205 viros
598 4164 717 4208 oratores
741 4173 774 4206 eo
795 4158 915 4209 mittunt.
952 4156 1099 4209 Misimiani
1130 4175 1193 4209 vero
1211 4166 1316 4209 tautum
1333 4157 1398 4207 abe-

321 4232 391 4289 rant,
411 4231 444 4275 ut
458 4222 649 4292 crudelitatem
667 4225 838 4281 remitterent
853 4235 901 4281 aut
918 4228 995 4281 novis
1010 4226 1253 4299 officiisprseteriti
1264 4229 1331 4281 sacti
1347 4226 1397 4279 sh-
