3109 4950
165 725 459 816 srucuunu
476 735 792 814 vuusrours
817 692 1247 824 cuarsuoruoru

550 868 880 946 PERSONAE.

464 1010 555 1078 Lib.
584 1011 628 1078 11.
652 1010 792 1096 capita
822 1013 873 1079 28.
904 1033 954 1096 ²9.

235 1255 313 1310 Nure
322 1261 416 1306 autem
434 1253 484 1306 uhi
498 1251 532 1306 de
543 1251 663 1306 chosroe
677 1268 813 1323 perpauca
823 1252 996 1322 explicatius,
1013 1255 1156 1308 malcaim
1166 1256 1202 1310 ad
1213 1274 1247 1312 ee

168 1357 210 1395 me
222 1343 354 1403 referam,
373 1357 446 1410 quae
466 1355 576 1392 narrare
596 1339 651 1390 iam
663 1339 747 1407 coepi.
779 1336 842 1390 Nou
864 1340 939 1391 enim
951 1338 1026 1392 huuc
1042 1343 1138 1394 Persae
1153 1343 1242 1396 solum

169 1429 252 1492 ultra,
270 1443 351 1498 quam
370 1426 467 1490 decet,
484 1425 614 1478 laudibus
633 1424 726 1477 imunt
747 1431 775 1476 et
797 1422 981 1492 demirantium
1006 1424 1054 1479 sed
1070 1429 1250 1482 Romanorum

171 1516 297 1584 plerique
318 1520 349 1566 ut
372 1511 548 1584 eloquentiae
562 1509 727 1574 studiosum,
752 1516 781 1562 et
805 1510 853 1582 qui
872 1510 906 1563 ad
930 1519 1039 1565 nostrae
1060 1513 1250 1582 philosophiae

174 1617 298 1652 summam
311 1599 467 1668 pervenerit
484 1599 642 1660 notionem,
660 1604 688 1649 et
704 1595 808 1649 Graece
825 1613 908 1667 opere
926 1598 957 1650 ln
977 1599 1110 1652 Persicam
1128 1601 1251 1672 linguam

172 1686 301 1738 nonnulla
316 1683 500 1736 transtulerit:
525 1681 644 1754 (addunt
655 1690 748 1736 tamen
763 1689 792 1735 et
806 1684 978 1753 stagiretem,
999 1684 1028 1737 id
1046 1693 1105 1749 est,
1120 1687 1179 1740 vini
1192 1705 1251 1741 ans·

170 1771 301 1841 pharam,
323 1771 404 1840 longe
422 1770 520 1821 melius
534 1779 707 1840 perpotasse,
725 1787 808 1840 quem
825 1769 919 1822 rhetor
940 1773 1086 1840 paeanieus
1102 1773 1173 1830 olori
1188 1789 1252 1844 per·

172 1858 309 1926 scripserit
331 1856 483 1927 fabulam):
508 1857 658 1926 quinetiam
679 1856 823 1910 Platonicis
842 1856 978 1908 imbutum
998 1857 1168 1929 dogmatibus
1194 1869 1252 1914 tre·

174 1943 259 2006 dunt,
279 1951 359 2013 atqua
376 1939 460 2005 adeo,
479 1948 510 1993 ut
528 1958 564 1994 ne
580 1942 709 1994 Timaeus
725 1941 800 1994 hunc
821 1941 933 2012 quidem
946 1952 1116 2013 praetereat,
1141 1949 1252 2000 umetei

172 2029 273 2081 lineari
296 2029 479 2098 speculatione
494 2027 643 2084 divarietur
652 2065 660 2092 ,
678 2036 706 2080 et
715 2034 829 2080 naturae
847 2031 963 2082 rimetur
981 2039 1085 2095 motus,
1101 2049 1153 2084 aee
1165 2032 1252 2086 Phae·

172 2115 225 2168 dou
240 2119 317 2184 ipse,
336 2131 423 2186 nequo
442 2114 574 2184 Gorgias,
591 2115 635 2166 sel
655 2113 826 2186 dialogorum
845 2125 926 2168 autor
945 2117 1017 2169 eiius
1038 2118 1201 2188 quisquam,
1221 2128 1253 2173 ut

171 2201 361 2264 Parmenides,
380 2209 409 2254 et
425 2202 525 2254 caeteri
540 2203 623 2262 item,
640 2199 741 2270 quihus
755 2199 837 2278 varia
850 2204 1049 2256 seutemisrum
1063 2205 1251 2273 profunditate

173 2297 234 2340 sunt
251 2289 339 2340 multa
361 2287 519 2356 conscripta.
557 2287 617 2355 Ipse
637 2301 700 2338 sero
719 2301 775 2336 non
798 2288 903 2356 egregie
925 2287 996 2340 adeo
1015 2287 1092 2342 hunc
1113 2290 1252 2343 eruditum

172 2375 254 2426 luisse
273 2375 503 2436 existimaverim,
522 2379 553 2424 ut
571 2387 701 2424 summam
726 2369 932 2439 disciplinarum
952 2381 1067 2432 teneret.
1102 2375 1160 2444 Qui
1180 2377 1252 2428 enim

171 2461 229 2513 lieri
246 2462 275 2514 id
290 2468 418 2529 poterat,
438 2478 530 2513 soram
550 2459 626 2511 illam
646 2464 674 2511 et
698 2458 813 2510 liberam
830 2466 863 2511 ut
882 2461 1165 2515 veterum'uominum
1185 2480 1252 2531 pro·

170 2548 394 2611 summationem,
413 2550 452 2599 ita
464 2556 493 2599 et
505 2546 585 2603 rebus
606 2547 672 2615 ipsis
685 2547 802 2598 maxime
823 2557 1033 2617 congruentem,
1053 2549 1147 2619 lingue
1165 2566 1253 2619 quae·

171 2634 232 2685 dam
245 2644 278 2686 ut
294 2634 424 2703 agrestis,
443 2641 471 2686 et
485 2633 594 2696 rudior,
612 2640 675 2685 et'a
693 2632 779 2683 Musis
795 2635 905 2702 penitus
928 2635 1018 2687 aliena
1035 2633 1170 2686 servaret?
1196 2652 1251 2705 quo

171 2719 283 2790 inquam
300 2728 382 2790 pacto
395 2722 437 2773 vir
459 2723 533 2789 regio
549 2719 621 2771 fastu
639 2734 672 2770 ex
688 2718 839 2771 immodicis
855 2718 1059 2772 adulationibus
1077 2720 1113 2771 ab
1138 2720 1252 2774 ineunte

173 2814 262 2859 aetate
276 2807 402 2869 illectus,
421 2822 452 2857 ac
468 2805 579 2857 vivendi
594 2803 823 2856 consuetudinem
838 2814 934 2857 nactus
947 2824 1029 2876 sopra
1050 2806 1163 2861 modum
1187 2807 1252 2860 bar·

172 2893 307 2955 haricam,
324 2901 352 2945 et
368 2894 416 2963 qui
429 2890 503 2944 helia
519 2908 624 2961 semper
642 2899 670 2943 et
689 2892 759 2943 acies
773 2893 865 2943 auimo
879 2892 1005 2960 agitarit,
1022 2894 1144 2945 exerceri
1163 2895 1194 2949 in
1208 2892 1252 2946 his

170 2988 279 3050 poterat
296 2979 460 3048 disciplinis,
479 2994 512 3029 ex
524 2976 689 3048 hisque'sihi
703 2978 805 3029 fructus
825 2977 932 3047 aliquid
946 2977 1107 3031 vendicare?
1130 2978 1253 3048 Quodsi

171 3070 234 3139 quis
250 3066 353 3119 idcirco
365 3065 440 3117 huuc
455 3065 558 3127 laudet,
578 3066 643 3136 quia
657 3082 740 3135 quum
757 3082 804 3116 rex
820 3074 899 3126 esset,
919 3073 948 3115 et
960 3064 1252 3134 Perea,tantarumque

171 3154 294 3223 gentium
319 3160 347 3203 et
366 3153 544 3207 maximarum
561 3169 650 3203 rerum
669 3168 760 3203 euram
777 3149 905 3213 haberet,
930 3158 1073 3221 utcunque
1092 3159 1183 3200 umen
1204 3150 1254 3201 de·

171 3249 280 3307 gustare
294 3246 365 3289 artes
381 3238 516 3292 literatius
530 3240 678 3301 voluisset,
702 3254 736 3289 ex
749 3254 836 3307 eaque
855 3247 888 3289 ut
906 3237 1034 3305 gloriam,
1058 3238 1099 3286 ite
1114 3244 1143 3287 et
1169 3237 1255 3290 animi

170 3342 269 3395 capere
286 3325 474 3393 voluptatem,
499 3324 623 3393 proiecto
646 3332 674 3378 et
696 3324 754 3391 ipse
777 3324 850 3374 hunc
873 3321 1025 3386 laudarem,
1052 3322 1167 3392 perinde
1186 3338 1254 3390 prae
1313 3386 1316 3393 A

170 3412 286 3463 caeteris
300 3411 425 3463 barbaris
445 3411 640 3465 admirandum.
678 3410 731 3461 Sed
749 3410 798 3479 qui
814 3409 887 3459 hunc
902 3408 1019 3460 nimiam
1034 3411 1185 3478 sapientem
1204 3424 1253 3474 ap·

169 3500 292 3568 pellant,
314 3507 342 3549 et
359 3500 436 3568 quasi
452 3498 629 3568 philosophos
652 3504 772 3549 caeteros
793 3494 986 3563 praestitisset,
1010 3497 1132 3547 omnium
1156 3494 1254 3545 artium

169 3583 436 3655 disciplinarumque
454 3601 546 3636 causas
561 3598 641 3636 nosse
660 3582 816 3644 affirmant,
834 3589 863 3632 et
887 3582 996 3650 qualem
1012 3583 1127 3633 fortasse
1144 3578 1254 3647 peripa-

168 3670 248 3721 tetici
272 3672 389 3721 maxime
411 3670 549 3723 eruditum
573 3669 753 3739 praefiniunt:
784 3666 1004 3736 deprehendetur
1023 3669 1047 3717 is
1073 3664 1148 3720 haud
1169 3664 1254 3717 dubie

168 3756 243 3809 nihil
269 3774 379 3826 prorsus
402 3774 448 3821 ea,
473 3774 543 3827 quae
572 3772 635 3808 vera
655 3763 735 3819 sunt,
766 3753 929 3824 pervidisse3
960 3753 1008 3805 sed
1027 3752 1101 3821 vulgi
1121 3750 1255 3811 duntaxat

168 3842 272 3893 samam
299 3845 407 3898 sectari.
444 3843 493 3897 Vir
506 3841 618 3912 quidam
640 3859 737 3911 genere
757 3842 853 3909 Syrus,
877 3840 993 3891 Urauius
1011 3840 1165 3912 vocitatus2
1190 3838 1255 3893 dum

168 3928 298 3995 Byzantii
307 3936 474 3992 versaretur,
494 3937 579 3987 artem
591 3929 703 3999 quidem
716 3928 850 3982 medicam
867 3924 1060 3996 profitebatur,
1085 3925 1134 3978 sed
1148 3926 1255 3977 Aristo-

124 4029 128 4044 ·
168 4016 273 4072 tciicae
288 4014 452 4083 discipliuae
467 4033 577 4084 prorsus
596 4017 720 4085 ignarus,
737 4016 779 4067 nil
794 4015 915 4086 denique
929 4030 993 4067 sera
1006 4015 1161 4083 cognitione
1175 4020 1255 4062 tene=

168 4100 234 4168 hnt3
256 4100 452 4155 fremebundus
466 4108 559 4154 tamen
578 4110 606 4153 et
622 4102 742 4153 insolens
761 4101 929 4169 quammulta
947 4117 975 4153 se
995 4100 1143 4169 percellere
1168 4097 1256 4146 iacta-

168 4184 235 4247 tata
255 4195 284 4246 et
302 4204 389 4266 quum
407 4188 476 4247 torte
493 4187 566 4247 iuter
588 4194 680 4246 coetus
697 4185 839 4245 homiuum
854 4194 1018 4249 versaretur,
1040 4192 1072 4239 at
1088 4189 1148 4236 erat
1159 4187 1257 4256 suapte
