3109 4950
287 287 339 371 δα
712 295 921 370 acaunus

136 469 165 524 A.
180 467 210 524 C.
227 467 277 522 552
289 464 383 549 χώρην
402 459 529 534 πίσυνος
543 459 651 545 καίτῇ
671 458 732 522 τῶν
754 452 929 539 ἀναγκαίων
947 452 1099 544 εδπορίρ,
1119 457 1244 542 θρασύς
1267 480 1301 522 τε
1323 451 1364 545 ἧγ
1416 507 1419 510 ,

189 539 332 626 Liuopu
350 562 405 625 καί
422 557 572 641 διμοάχην
590 559 644 620 καί
657 550 721 630 οἶος
739 553 938 636 ἀμύνεσθαι,
958 544 997 636 ἦν
1013 576 1060 628 τις
1083 556 1174 619 ε’πίοι,

283 667 286 678 ’
366 654 408 721 δ’.
449 651 558 730 Edeta
577 653 615 738 δὴ
632 648 689 718 οάν
704 650 721 716 ὅ
738 653 868 736 Ναροῆς
886 649 1142 733 ἐγκελευσάμενος
1160 657 1295 739 προσῆγε
1312 653 1364 720 τὸν

287 756 433 842 στρατόν.
474 751 501 818 οἱ
519 755 555 818 δὲ
567 751 627 817 σάν
644 755 746 839 πολλῷ
757 749 839 837 πόνῳ
853 752 886 824 ἐς
900 745 935 812 τὸ
944 752 1104 835 γεώλοφον
1117 745 1297 835 ἀναβάντες,
1311 756 1366 816 καί

283 860 331 944 ’τῷ
344 852 484 942 φρουρίῳ
502 850 710 930 πελάσαντες,
739 847 851 913 αὐτίκα
877 855 942 923 τοϊς
960 849 1114 930 δορατίοις
1130 847 1292 931 ἠκόντιζον
1303 852 1384 928 τῶν5

287 958 322 1020 ἐν
342 961 410 1026 ταῖς
429 950 574 1028 ἐπάλξεσι
587 953 785 1034 φαινομένων
793 998 803 1028 ,
824 943 879 1010 καί
894 943 933 1010 τά
949 945 1025 1023 τόξα
1047 942 1185 1028 ε’πήχουν
1198 944 1289 1027 θαμά
1303 949 1365 1010 τῶν

290 1055 390 1137 βελῶν
409 1047 696 1129 ἀναπεμπομίνων,
717 1043 887 1132 σφενδόναι
901 1068 934 1108 τε
954 1046 1103 1130 ἐφέροντο
1115 1043 1290 1129 μετάρσιοι,
1311 1044 1368 1110 καί

228 1221 230 1230 ¹
292 1148 505 1236 μηχανήματα
524 1144 625 1210 ὁπόσα
641 1143 719 1230 πρὸς
735 1141 941 1226 τειχομαχιλιν
960 1142 1097 1222 ἀνεῖται,
1118 1138 1242 1206 ἅπαντα
1256 1144 1367 1208 ἐκινεῖ-

262 1269 337 1319 Βτο.
359 1247 387 1310 οἱ
407 1247 546 1330 δὲιάμφί
567 1239 623 1307 τὸν
634 1237 815 1327 Ἀλίγερνον
829 1238 890 1305 ἀνά
906 1240 945 1304 τά
958 1238 1157 1325 μεταπύργια
1172 1243 1229 1302 τοῦ
1239 1243 1369 1322 τείχους

291 1345 533 1428 ξυνειλεγμένοι,
555 1336 591 1405 οά
612 1340 814 1425 σχολαίτερον
844 1335 1109 1414 ἀντακοντίζοντές
1124 1361 1159 1400 τε
1176 1341 1231 1402 καί
1247 1339 1409 1413 dataro-'10

291 1445 429 1525 ξεάοντες
447 1439 642 1522 διεμάχοντο,
664 1437 775 1513 λίθους
787 1462 822 1501 τε
835 1438 870 1500 εἰι
882 1437 999 1521 χειρῶν
1007 1434 1161 1518 μεγάλους
1174 1439 1367 1522 ἐπαφιέντες,

293 1547 348 1608 καί
365 1538 494 1629 φιτρους
511 1537 566 1628 ναί
585 1540 721 1614 πελέκεις
729 1588 740 1618 ,
761 1537 817 1600 καί
836 1529 912 1619 ὅπερ
933 1529 973 1600 ἀν
999 1535 1037 1598 od
1055 1530 1165 1621 πόρρω
1185 1539 1240 1619 τῆς
1259 1536 1369 1620 χρείαις

293 1638 409 1722 ἐδόκει,
429 1645 587 1722 μηχαναῖς
607 1661 639 1701 τε
658 1638 796 1721 ε’χριάντο
821 1633 876 1698 καί
893 1631 1111 1718 ἀμυντηρίοις,
1139 1636 1191 1696 καί
1215 1629 1307 1699 οάδὲν
1332 1630 1368 1716 ὅ,

292 1765 325 1806 τι
351 1747 491 1824 παρεῖτο.
517 1733 555 1798 τά
583 1759 618 1818 γε
637 1731 699 1819 μην
722 1729 904 1818 Ἀλιγὲρνυυ
933 1730 1106 1812 τοξεύματα
1127 1730 1182 1794 καί
1198 1732 1284 1813 μάλα
1305 1733 1371 1809 τοῖς

290 1836 458 1918 Ῥωμαίοις
472 1828 606 1918 ἀρίδηλα
630 1825 677 1917 ἦν.
709 1832 803 1918 ῥοίζῳ
826 1854 860 1894 τε
884 1827 944 1914 γάρ
964 1833 1066 1917 πολλῷ
1084 1829 1138 1894 καί
1153 1835 1305 1917 ταχυτῆτι
1331 1831 1369 1895 od
1375 1841 1410 1905 15

296 1937 463 2020 σταθμητῇ
483 1930 522 1996 τά
540 1933 656 1996 ἐκείνου
665 1933 796 2016 ἐφέρετο
808 1931 895 2012 βέλη·
915 1925 958 2002 ἀς
967 1925 1054 2014 εἴπερ
1073 1928 1128 1993 καί
1141 1932 1174 2004 ἒς
1195 1932 1285 1994 λίθον
1299 1927 1368 1994 τινά

294 2019 467 2115 ἓμιτίσοιεν,
487 2023 508 2114 ἢ
528 2027 631 2116 ἕτερόν
652 2055 684 2093 τι
699 2026 830 2113 σκληρὸν
841 2030 895 2090 καί
910 2022 1095 2112 ἀτέραμνον,
1118 2027 1370 2112 διαρρήγνυσθαι

278 2129 381 2196 ,ἀπαν
394 2133 432 2217 τῇ
444 2131 497 2217 βίη
520 2131 575 2212 τῆς
595 2123 704 2214 ῥύμης.
725 2125 911 2192 Παλλάδιον
921 2130 997 2209 γοῦν
1011 2127 1127 2190 ἐκεῖνον
1143 2123 1197 2212 (ἤν
1211 2129 1246 2189 δὲ
1261 2124 1370 2192 adsuit>

267 2224 568 2318 οέῥρριθυμημένων
585 2224 672 2312 παρά
689 2229 732 2313 τῷ
750 2227 863 2311 Ναρσῇ
880 2223 1109 2305 ὅΠαλλάδιος,
1130 2221 1210 2288 ἀλλά
1224 2223 1371 2309 στρατεά-

296 2329 396 2412 ματός
410 2351 445 2390 τε
460 2323 562 2412 ἡγεῖτο
575 2325 768 2407 Ῥωμαϊκοῦ,
790 2321 846 2387 καί
866 2325 900 2387 ἐν
921 2330 987 2398 τοῖς
1010 2325 1167 2406 μεγίστοις
1184 2320 1412 2406 ’ταξιάρχοιςαο

298 2457 301 2470 ¹
368 2489 389 2524 τι
409 2484 438 2522 τε
456 2471 503 2533 lt,
522 2484 555 2538 γε
572 2469 642 2538 vulg.
718 2468 756 2521 15.
780 2463 817 2519 οδ
836 2467 981 2588 σταὲλχιητῇ
999 2463 1124 2535 tttugt
1145 2466 1175 2517 in
1190 2484 1240 2535 rng.
1254 2442 1371 2520 etSuidss

367 2558 387 2591 s.
404 2557 428 2589 v.
446 2531 616 2609 Ἆλιγέρνης,
637 2536 689 2589 edu
707 2536 850 2609 ἀριθμητῇ
868 2554 883 2589 ε
995 2553 1033 2604 ¹7·
1051 2536 1238 2607 ἰμπέσυιενλλ.
1250 2545 1278 2587 et
1288 2536 1374 2599 snit„

366 2610 517 2679 ἐμπέσειεν
540 2609 609 2677 vulg.
691 2612 729 2663 18.
748 2612 805 2659 asir
829 2607 1072 2678 ἐρ’ῥρθυμημένων
1099 2608 1128 2657 R.
1154 2614 1182 2657 et
1205 2607 1308 2674 Intpr·,
1333 2606 1371 2673 τῷ

367 2677 591 2749 ἐρ’ρηδυμημένφ
609 2678 679 2745 vulg.
719 2696 757 2747 ¹9·
775 2679 838 2729 Post
854 2678 957 2748 Ναρσῇ
972 2678 1002 2728 R.
1019 2692 1072 2728 om.
1091 2676 1108 2729 d
1125 2675 1295 2733 Παλλάδιος.
1331 2693 1373 2729 ao.

367 2748 530 2818 ταξιάρχοις
547 2750 594 2811 rt,
610 2739 775 2818 ταξιάρχαις
792 2749 861 2818 vulg.
1087 2747 1089 2750 ’

304 2882 363 2917 rum
386 2869 596 2919 necessariarum
626 2866 760 2919 affluentia
777 2860 842 2919 'eius
866 2865 1058 2918 confidentiam
1081 2866 1311 2939 arrogantiamque
1333 2868 1372 2919 ita

303 2936 432 3004 augebat,
451 2944 481 2987 ut
499 2938 579 2989 facile
597 2936 710 2989 hostiles
728 2939 845 2991 insultus
863 2954 891 2987 se
909 2936 1079 3005 repulsurum
1098 2945 1225 3005 speraret.

371 3024 396 3075 9.
433 3008 529 3059 Statim
546 3008 639 3077 itaque
656 3006 753 3059 Narseo
770 3024 832 3059 suos
850 3006 1024 3068 adhortatus,
1042 3008 1188 3058 exercitum
1206 3006 1308 3075 oppido
1325 3006 1375 3058 ud-

303 3078 395 3128 movit
430 3078 476 3127 llli
488 3095 551 3130 vero
567 3094 627 3127 cum
642 3078 671 3127 in
687 3076 831 3129 editiorem
847 3077 944 3128 collem
956 3076 1071 3127 maximo
1087 3077 1181 3128 labore
1201 3078 1377 3129 conscendis-

303 3155 378 3209 sent,
395 3156 424 3199 et
439 3148 639 3217 propugnaculo
659 3150 936 3217 appropinquassent,
955 3147 1044 3197 iacula
1061 3149 1091 3197 in
1107 3162 1152 3197 eos
1166 3149 1213 3217 qui
1227 3146 1261 3197 ad
1277 3148 1375 3217 pinnas

302 3234 439 3268 murorum
457 3218 641 3271 consistebant
657 3218 832 3288 torquebant,
850 3225 879 3268 et
895 3233 970 3268 arcus
981 3215 1086 3268 assidua
1107 3218 1259 3287 sagittarum
1277 3212 1376 3269 remisss

250 3321 259 3338 .
305 3288 382 3338 sione
404 3288 581 3358 clangebant,
599 3285 700 3338 fundae
714 3290 743 3338 in
761 3290 846 3339 altum
857 3286 1079 3350 excutiebantur,
1096 3295 1124 3339 et
1138 3286 1277 3339 machinae
1293 3295 1376 3359 quot-

304 3364 373 3427 quot
389 3353 584 3427 oppugnationi
602 3374 740 3411 murorum
760 3359 926 3419 inserviunt,
952 3374 1044 3408 omnes
1062 3356 1279 3409 admovebantur.
1314 3357 1377 3408 Ali-

305 3428 380 3495 gerni
398 3444 461 3479 vero
483 3430 583 3480 milites
602 3445 617 3479 e
634 3430 716 3479 muris
729 3426 762 3479 ad
774 3427 937 3479 intermedia
951 3428 1066 3479 turrium
1084 3428 1170 3497 spatia
1197 3427 1314 3489 collecti,
1333 3428 1379 3477 ni·

305 3497 363 3549 hilo
382 3499 489 3567 segnius
507 3498 595 3548 iacula
611 3499 722 3567 telaque
742 3505 930 3568 retorquentes
947 3499 1162 3567 propugnabant,
1179 3515 1241 3549 saxa
1257 3498 1379 3566 ingentia

306 3567 430 3618 manibus
449 3570 479 3619 in
497 3562 644 3619 subeuntes
662 3568 822 3628 mittebant,
839 3575 868 3617 et
883 3574 991 3620 truncos
1011 3576 1040 3619 et
1065 3576 1170 3619 tecures
1197 3574 1225 3620 et
1242 3566 1378 3639 quidquid

308 3646 490 3707 opportunum
507 3639 568 3689 usui
584 3636 739 3700 videbatur3
758 3636 888 3688 machinis
903 3636 998 3689 itidem
1012 3638 1158 3690 utebantur
1176 3638 1378 3689 instrumentis-

309 3724 361 3776 que
380 3707 578 3777 propulsandae
596 3706 690 3757 hostili
706 3708 854 3757 violentiae
870 3705 986 3768 idoneis,
1004 3705 1130 3778 nihilque
1147 3708 1257 3759 omniuo
1267 3709 1378 3758 omitte·

308 3776 395 3829 batur.
432 3780 499 3831 Tela
512 3795 575 3831 vero
609 3774 787 3845 uaehligerni
799 3777 884 3844 ipsius
899 3776 1023 3827 manibus
1041 3778 1245 3840 emittebantur,
1266 3777 1380 3827 Romani

307 3862 374 3915 prae
390 3848 501 3900 aliorum
517 3848 579 3900 telis
589 3796 674 3897 ίἀειοίλε
690 3845 894 3915 cognoscebant.
929 3846 1027 3915 Magno
1043 3849 1115 3899 euim
1128 3847 1244 3900 stridore
1263 3856 1290 3898 et
1303 3848 1380 3897 velo·

309 3918 390 3967 citato
405 3919 516 3971 immani
528 3920 603 3971 illius
619 3918 732 3983 sagittae
750 3915 955 3979 deserebantur,
980 3916 1048 3969 adeo
1064 3927 1096 3970 ut
1112 3919 1141 3969 in
1154 3934 1247 3969 saxum
1266 3916 1380 3987 aliquod

308 3994 356 4037 aut
364 3985 439 4037 aliud
458 3988 589 4058 quiddam
607 3984 703 4038 durum
721 3988 863 4055 fructuque
880 3984 988 4039 difficile
1005 3987 1122 4051 delatae,
1139 3996 1227 4040 totum
1244 3986 1315 4039 illud
1329 3987 1382 4037 irrr-

301 4063 387 4123 ¹petus
400 4056 531 4109 violentia
544 4059 746 4127 perfringer‘ont.
783 4056 931 4108 Palladium
947 4058 1040 4129 itaque
1061 4060 1139 4109 illum
1159 4060 1228 4127 (erat
1249 4065 1339 4107 autem
1356 4056 1381 4131 is

310 4142 365 4177 non
380 4127 495 4195 ¹vulgari
519 4128 591 4195 apud
615 4126 754 4180 Narsetem
775 4128 853 4189 loco,
880 4126 927 4178 sed
951 4136 978 4180 et
1004 4129 1115 4181 Romani
1135 4128 1269 4179 exereitus
1285 4125 1382 4177 ductor

312 4203 382 4257 erat,
404 4204 465 4250 ete
489 4199 640 4269 praecipuis
659 4198 811 4253 cohortium
827 4197 998 4270 praefectis,)
1012 4198 1108 4262 illum,
1127 4199 1256 4271 inquam,
1272 4196 1383 4267 compi·-
