3109 4950
324 311 379 400 5'0
663 342 673 359 ⁸
760 340 971 409 scimur,
1021 390 1031 411 .

171 511 203 567 Δ.
212 512 242 565 c.
260 493 313 569 552¹
321 498 359 563 τί
374 522 410 582 ys
436 500 584 566 δεδιέναι.
604 491 717 563 οὖνοῦν
738 503 916 573 Λευκανοῖς
934 520 969 563 τε
995 493 1116 571 τούτοις
1146 497 1302 581 μηδαμῶς
1324 500 1409 586 ἔφαὶ

215 584 378 681 ωδμεν
401 590 600 665 ἀναπνεῦσαι
623 600 680 683 τῆς
697 598 881 684 πολιορκίας
888 646 899 678 ,
935 597 991 667 καί
1007 595 1087 681 πρὸς
1108 592 1163 660 τὸν
1183 592 1255 661 ὅλον
1273 595 1417 684 πόλεμον1

306 692 405 773 Ιἅπας
424 721 473 775 τις
490 697 584 778 ὑμῶν
600 680 818 779 ἐμμελέστατα
843 698 884 782 τῇ
900 695 1065 783 προθυμιρι
1079 695 1369 781 παρεσκευάσθαι3ῗ

304 850 307 855 .
402 796 450 876 ιζ’.
495 798 635 861 Τοιαῦτα
659 790 676 859 ὅ
700 794 835 880 Ναρσῆς
855 782 974 874 eineis,
1002 788 1162 878 ε’θιίρσυνέ
1175 816 1211 869 τε
1233 787 1347 872 αὐτίκα
1372 792 1409 860 τὰ

317 894 511 982 στράτευμα,
530 896 587 959 καί
600 897 720 977 μᾶλλον
735 892 853 979 ἀκριβῆ
867 889 925 978 τήν
943 892 1124 977 πολιορκίαν
1136 890 1215 978 πρὸς
1230 890 1305 970 τούς
1318 899 1430 965 Aoo-5

306 992 431 1069 ,κανούς
453 995 597 1078 ἐποιεῖτο.
625 994 814 1075 ἐχαλέπαινε
840 992 876 1054 δὲ
892 998 958 1067 τοῖς
980 980 1086 1069 ἄλλοις
1107 986 1308 1077 στρατηγοῖς,
1336 986 1411 1055 ἄνθ’

222 1108 255 1169 V.
276 1086 370 1167 esdr.
394 1091 434 1160 τοὶ
459 1096 608 1178 ἐπιλαιρα
635 1089 742 1176 χωρία
772 1087 1010 1171 καταλιπόντες,
1044 1087 1074 1155 oi
1099 1090 1134 1155 di
1160 1092 1194 1167 ἒς
1215 1094 1411 1172 Φαβέντειαν

317 1192 489 1277 ἐτύγχανον
505 1190 691 1277 ἀφιγμένοι,
718 1189 774 1252 καί
796 1188 830 1262 ἐς
848 1179 1029 1253 τούναντίον
1045 1180 1134 1278 edroi
1152 1185 1191 1254 ui
1216 1191 1274 1273 τῆς
1288 1214 1411 1275 προμη-

316 1291 408 1366 &sebe
424 1286 548 1376 ἐχώρει.
576 1287 670 1370 ὁμὲν
694 1282 753 1373 γὰρ
770 1287 859 1373 ἀμφί
876 1286 1023 1378 Πάρμαν
1043 1285 1100 1373 τὴν
1127 1285 1218 1353 πόλιν
1245 1280 1349 1374 οἵσπερ
1374 1289 1409 1353 ἓν

305 1389 473 1477 ,προβόλου
484 1392 550 1459 ,καί
568 1385 723 1475 ἐρίματος
736 1394 834 1475 μοίρᾳ
850 1384 1008 1471 τετάχθαι
1022 1383 1068 1451 τὰ
1088 1384 1144 1465 ξύν
1163 1386 1290 1463 ἐκεινοις
1309 1410 1449 1473 nepem
1492 1458 1495 1464 Ι

242 1526 253 1533 -
304 1486 457 1570 ,τεύματα
471 1488 590 1574 χρῆναι
612 1488 732 1572 ἡγεῖτο,
762 1479 849 1561 ὅπως
870 1481 901 1549 οἱ
922 1486 982 1566 μὲν
1006 1483 1139 1565 κώλυμα
1160 1480 1223 1550 εἶεν
1236 1493 1301 1561 τοῖς
1317 1486 1408 1549 ἕναν..

282 1590 392 1661 Βτίοις
406 1588 441 1661 ἐς
452 1583 492 1650 τα
508 1581 617 1671 πρόσω
633 1586 734 1665 ἰέναι,
755 1579 851 1659 αὐτὸς
870 1584 905 1649 δὲ
921 1580 1001 1648 κατὰ
1019 1584 1136 1666 σχολὴν
1157 1575 1196 1648 εὖ
1208 1582 1297 1666 μάλα
1313 1579 1353 1647 τοὶ
1374 1583 1409 1657 ἐς

320 1686 476 1752 Tonantio
497 1679 623 1747 ἅπαντα
652 1678 945 1768 καταστησάμενος,
972 1675 1041 1747 εἶτα
1060 1682 1110 1745 ἐπ’
1126 1678 1244 1756 αὐτους
1266 1680 1409 1766 διαβαίη.

314 1787 371 1849 νῦν
385 1787 421 1849 δὲ
430 1784 556 1858 iustiore
572 1774 680 1868 πόρρω
695 1778 968 1863 μεταναστὰνεοιν,
985 1781 1147 1863 ξυνίβαινε
1163 1776 1236 1855 τούς
1250 1780 1338 1866 ἀμφί
1351 1777 1409 1845 τὸν

316 1884 448 1967 Ναροῆν
472 1881 645 1967 προτέρους
669 1882 833 1946 ἐκκεῖσθαι
852 1886 917 1955 τοῖς
936 1880 1105 1963 πολεμίους·
1142 1870 1256 1943 οὔκουν
1278 1877 1447 1953 rivensis&

313 1983 407 2048 τοῦτο
423 1976 610 2065 ἡγούμενος,
642 1978 785 2046 ἔστελλεν
811 1977 925 2043 αὐτίκα
949 1978 993 2053 οἷς
1010 1974 1081 2053 τούς
1095 1975 1288 2063 στρατηγοίις
1304 1972 1407 2065 ἄνδρα

314 2081 378 2143 τῶν
393 2076 423 2143 οἱ
440 2080 473 2153 ἐς
490 2076 531 2143 τοὶ
551 2076 690 2159 μάλιστα
713 2080 915 2162 ἐπιτηδειοον,
946 2067 973 2167 ᾧ
995 2072 1035 2159 (λη’
1053 2078 1214 2161 Στέφανος
1229 2079 1289 2158 μὲν
1304 2066 1405 2157 ὄνομα

316 2169 375 2261 ἧν,
403 2180 519 2263 πατρίς
541 2180 576 2242 δὲ
597 2177 738 2260 πόλισμα
762 2172 936 2263 Ἰλλυρικὸν
958 2174 980 2260 ἦ
1001 2174 1218 2257 Ἐπίδαμνος,
1245 2176 1408 2261 ἐπικερτο.

313 2275 455 2361 μήσοντοὶ
472 2299 507 2361 γε
528 2272 648 2353 αὐτους
665 2280 721 2361 τῆς
738 2274 876 2358 δειλίας,
897 2274 953 2339 καί
967 2277 1162 2357 διελέγξοντα
1175 2270 1218 2349 ὥς
1236 2270 1405 2361 πεφώραν.

225 2391 254 2444 Ρ.
271 2387 370 2461 ουτοι
392 2375 433 2439 τὰ
450 2373 542 2439 κοινὰ
561 2378 827 2462 καταπροέμενοι,
848 2376 879 2437 εἰ
889 2370 934 2457 μὴ
953 2365 1050 2448 αὖθις
1065 2374 1099 2447 ἐς
1110 2370 1150 2437 τοὶ
1168 2369 1307 2460 πρότερα
1326 2373 1445 2445 ina-20

313 2474 443 2558 νήξοιεν.
484 2478 644 2560 Στέφανος
658 2477 718 2556 μὲν
735 2468 793 2537 οὖν
806 2466 925 2558 ἄνδρας
937 2475 971 2547 ἐς
992 2471 1174 2548 διακοσίους
1191 2470 1326 2548 ἱππότας
1340 2498 1405 2554 μα.

309 2570 518 2655 χιμαιτοὶτους
537 2571 592 2636 καί
610 2574 649 2659 τῇ
669 2568 791 2635 ὁπλίσει
806 2563 922 2658 ιλριστα
944 2573 1191 2653 ἐσκευασμένους
1204 2569 1404 2654 ἐπαγόμενος,

352 2720 356 2725 -
367 2711 388 2744 r.
396 2695 424 2760 τί
435 2706 470 2760 γε
476 2695 504 2743 R.
513 2695 630 2761 etlntpr.
641 2692 798 2762 roipevulg.
809 2737 812 2742 .
828 2690 865 2759 14.
876 2689 977 2763 πόρρω
983 2689 1188 2764 Ἀμορραίαν
1197 2691 1267 2758 vulg.
1292 2690 1331 2745 15.
1341 2691 1404 2744 Post

362 2762 482 2832 Ναρσῆν
494 2765 591 2814 luserit
603 2763 688 2831 Iutpr.
698 2762 817 2816 lucensi
832 2762 931 2815 omissa
945 2759 1096 2815 obsidione.
1173 2764 1212 2815 18.
1224 2760 1353 2832 πόλισμα
1362 2763 1403 2824 lt,

358 2831 445 2900 Intpr.
455 2835 578 2895 castello,
589 2832 758 2903 droparulg.
814 2834 1051 2903 19.yslt.,zsvulg.
1089 2848 1130 2887 aa.
1141 2831 1337 2905 ἐπαγομένους
1343 2833 1402 2885 Pur.

315 2949 406 2994 amur,
436 2925 502 2986 cnm*
515 2935 557 2985 illi
576 2937 673 2989 alienis
694 2935 817 2988 inhient:
847 2934 916 2988 adeo
937 2936 1011 2987 omni
1031 2944 1156 3006 exparte
1174 2953 1231 2988 non
1249 2936 1321 2988 bene
1340 2951 1404 3005 spe·

290 3017 375 3056 ‘rare
398 3020 462 3068 nos,
490 3005 591 3056 nedum
618 3007 730 3067 timere,
750 3014 792 3057 est
819 3005 921 3057 rationi
951 3007 1162 3059 dissentaneum.
1200 3005 1322 3077 Quocira
1345 3007 1403 3056 Lu-

314 3073 441 3124 censibus
461 3073 504 3125 bis
522 3077 628 3126 nullum
644 3075 796 3127 obsidendo
815 3075 969 3145 respirandi
993 3077 1084 3128 locum
1104 3074 1217 3138 demus,
1238 3084 1266 3128 et
1282 3075 1317 3127 ad
1339 3093 1402 3127 acre

313 3143 417 3195 bellum
434 3145 551 3216 quisque
566 3154 800 3197 vestrumsumma
815 3163 879 3198 cura
892 3147 1088 3218 alacritateque
1104 3162 1133 3198 se
1151 3154 1299 3216 comparet.

387 3231 426 3282 ¹7·
462 3215 511 3266 His
526 3215 607 3268 dietis
623 3216 720 3268 Narses
739 3224 767 3268 et
782 3217 901 3268 militum
917 3218 1021 3269 animos
1039 3216 1126 3269 erexit
1145 3225 1173 3268 et
1190 3217 1304 3269 arctiore
1324 3215 1403 3268 obsi-

312 3282 396 3334 dione
409 3285 543 3337 Lucenses
559 3287 665 3354 pressit.
702 3287 770 3340 Aliis
788 3302 851 3338 vero
872 3288 1017 3356 praelectis
1031 3286 1197 3338 militaribus
1210 3287 1325 3356 graviter
1339 3302 1402 3338 suc-

309 3352 458 3416 censebat,
478 3355 554 3425 quod
570 3354 812 3425 opportunioribus
824 3357 892 3408 locis
911 3355 1063 3420 derelictis,
1082 3357 1241 3408 Faventiam
1256 3372 1314 3406 sese
1329 3372 1401 3406 con-

312 3423 457 3485 tulissent,
481 3427 558 3475 etin
580 3427 745 3477 contrarium
770 3426 823 3494 ipsi
846 3427 961 3477 consilia
987 3443 1036 3478 sua
1063 3428 1212 3479 cessissent.
1248 3425 1319 3476 Nam
1340 3427 1401 3494 ipse

312 3494 384 3544 eirea
402 3494 571 3559 Parmensem
591 3495 688 3548 urbem
705 3496 806 3564 coplas,
822 3495 922 3566 quibus
938 3496 1002 3548 illos
1021 3497 1198 3564 praefecerat,
1217 3514 1267 3566 pro
1281 3496 1353 3546 vallo
1368 3511 1401 3546 ac

312 3563 514 3633 propugnaculo
535 3565 663 3616 collocari
677 3573 803 3633 oportere
822 3573 978 3626 censuerat,
996 3574 1028 3616 ut
1040 3565 1093 3617 bae
1109 3566 1221 3639 quidem
1243 3565 1345 3627 hostes,
1364 3581 1400 3616 ue

313 3634 428 3685 ulterius
443 3631 636 3702 procederent,
652 3634 846 3703 prohiberent,
865 3636 923 3703 ipse
942 3651 1022 3698 vero,
1040 3635 1120 3686 rebus
1143 3635 1269 3688 omnibus
1290 3636 1320 3688 iu
1341 3636 1400 3686 Tu-

313 3704 369 3753 scia
386 3721 468 3774 quam
484 3704 586 3773 optime
604 3705 769 3766 constitutis,
776 3706 816 3754 ita
834 3703 944 3755 taudem
958 3703 992 3754 ad
1008 3704 1081 3773 ipsos
1093 3723 1121 3757 re
1137 3705 1302 3758 transferret.
1320 3704 1399 3756 Nunc

312 3773 376 3823 v'ero
390 3791 451 3827 eum
462 3775 513 3826 illi·
519 3774 615 3843 procul
636 3772 702 3824 inde
719 3773 915 3836 discessissent,
930 3773 1022 3836 fiebat,
1039 3783 1070 3826 ut
1083 3793 1153 3845 quac
1170 3778 1241 3829 cirea
1257 3775 1400 3828 Nassetem

313 3850 393 3892 erant
408 3846 521 3913 copiae,
540 3845 644 3914 primae
669 3842 795 3894 bostibus
815 3845 953 3910 expositae
972 3852 1069 3896 essent.
1107 3846 1190 3916 Quod
1209 3845 1322 3917 quidem
1337 3861 1400 3896 cum

312 3912 425 3962 minime
440 3915 582 3967 serendum
598 3914 782 3975 existimaret,
802 3914 947 3964 confestim
960 3912 1174 3984 adppraesector'
1185 3916 1247 3968 illos
1266 3932 1399 3986 perquam

313 3979 444 4032 idoneum
455 3985 543 4034 virum
558 3985 650 4046 misit,
670 3984 714 4036 cui
730 3981 869 4052 Stephano
888 3983 1001 4055 quidem
1020 4001 1120 4038 nomen
1136 3995 1209 4049 erat,
1227 3987 1316 4054 patria
1332 4001 1397 4036 vcro

313 4048 629 4122 Epidamnus,oppidum
640 4054 792 4121 Illyricum,
811 4054 859 4125 qui
873 4071 918 4105 eos
935 4055 1045 4107 acribus
1057 4055 1147 4110 verbis
1160 4054 1318 4109 timiditatis
1327 4055 1398 4106 insi-

314 4120 433 4171 mularet
455 4121 614 4193 publicique
640 4124 708 4176 boni
726 4119 899 4188 desertores,
927 4126 982 4178 nisi
1004 4143 1094 4178 rursus
1115 4125 1150 4176 ad
1172 4128 1264 4196 priora
1282 4127 1342 4178 loca
1368 4141 1398 4176 se

316 4190 477 4259 reciperent.
530 4192 684 4260 Stephanus
711 4194 827 4266 itaque,
854 4193 977 4248 ducentis
1015 4195 1155 4265 equitibus
1181 4195 1398 4249 bellicosissimis

315 4261 492 4334 optimaeque
504 4270 657 4351 armaturae
672 4263 738 4325 viris
756 4272 850 4322 secum
863 4263 967 4330 ductis,
984 4282 1068 4339 quam
1090 4266 1231 4338 celerrime
1245 4267 1300 4322 iter
1320 4265 1396 4328 iecit,
