3109 4950
454 455 456 460 ,
482 359 763 432 rrrs'rostsumr
796 368 822 429 t.
850 373 896 468 s.¹
1037 387 1041 394 ¹
1156 377 1211 460 '¹9

128 508 237 582 αότιόν
264 512 321 580 καί
340 516 405 580 τοῖν
424 511 598 600 προσοίκων
612 517 775 598 κρατοῦσι,
804 517 915 594 παῖδες
937 519 973 584 ἐκ
989 525 1133 610 πατόρων
1153 529 1347 612 thedosio

129 615 293 700 βασιλείαν
314 613 541 696 διαδεχόμενοι.
570 609 651 678 etto}
670 610 731 700 γὰρ
757 611 813 679 καί
837 618 870 694 ἐς
893 619 992 683 ἐκεῖνο
1009 614 1065 686 τὀὖ
1087 629 1210 709 καιροῦ,
1221 603 1242 654 ¹·
1260 603 1280 655 ¹·
1298 605 1333 657 ²⁶

132 706 184 778 ότε
201 709 239 795 δή
258 709 288 776 οἱ
304 715 335 778 Γ
333 709 421 776 ότθοι
440 708 484 787 τός
500 707 617 787 αότοός
636 708 879 796 ἐπρεσβεόοντο,
907 723 989 803 τρεῖς
1006 719 1112 797 αὐτοῖς
1135 723 1207 808 ἦηρ.

128 808 222 892 μόνες
241 807 411 891 ἐτύγχανον
435 799 527 883 όντες.
567 807 625 872 οόκ
642 799 702 872 όπο
729 807 847 894 τρόπου
880 815 917 878 dd
935 838 992 896 μοι
1016 812 1098 882 εἶναι
1122 823 1287 888 torserat

110 907 236 993 δβραχό
257 933 290 970 τι
309 901 430 970 ἄνωθεν
452 905 614 993 ἀρξαμένην
639 907 697 970 cod
722 907 831 991 γένους
852 909 908 976 καί
930 915 993 978 τῶν
1011 920 1211 999 ξυνενεχθέν-
1308 981 1312 987 .

127 1003 192 1071 των
210 1009 254 1094 τῷ
270 1001 330 1090 πρό
342 1007 398 1070 τοῦ
414 1003 563 1085 ἐλάχιστα
578 1003 781 1086 διεξελθόντι,
801 1003 909 1074 ἔπειτα
925 1010 959 1088 ἐς
970 1013 1106 1091 ἐκείνους
1123 1015 1156 1080 oi
1169 1014 1208 1102 θη

126 1105 163 1170 ἐν
186 1108 231 1190 τῷ
261 1103 328 1168 τότε
353 1099 522 1188 ἐκρότουν,
548 1101 612 1188 δτὴν
637 1102 794 1189 ἐκδρομὴν
813 1109 1015 1174 καταπαῦσαι
1031 1114 1088 1175 τοῦ
1105 1110 1211 1195 λόγου.

127 1202 332 1288 Χιλθίβερτος
354 1203 415 1283 μὲν
437 1197 496 1286 γὰρ
521 1197 576 1264 καί
592 1199 792 1288 Χλωθόριος,
811 1201 860 1270 ἐτι
884 1206 920 1269 δὲ
946 1207 1139 1294 Θευόέριχος
1154 1215 1211 1277 καί

126 1304 352 1386 Χλωθομῆρος
365 1298 500 1384 ἀδελφοί
512 1290 698 1382 ἐγεγένηντο.
718 1291 806 1366 οότοι
820 1303 856 1367 δέ
872 1302 981 1389 ἐπειδὴ
997 1305 1101 1383 αὐτοῖς
1114 1311 1211 1372 Χλω-

87 1403 236 1476 rodoam
253 1397 273 1464 ό
288 1395 392 1485 πατὴρ
414 1392 584 1480 ἐτεθνήκει,
605 1395 801 1480 διενείμαντο
811 1401 953 1485 τέτραχα
963 1399 1023 1486 τὴν
1036 1403 1210 1488 βασιλειαν,

124 1497 209 1564 κατό
228 1521 264 1562 τε
290 1495 394 1572 πόλεις
410 1498 465 1560 καί
480 1493 557 1580 ἔθνη
578 1496 609 1570 ἐς
630 1489 703 1560 door
727 1492 818 1579 οἶμαι
835 1504 899 1564 τῶν
919 1498 996 1565 ἴσων
1016 1497 1135 1593 ἐκόστην
1151 1527 1211 1585 με·

123 1606 234 1666 τεῖναι.
264 1595 302 1659 ori
313 1597 415 1682 πολλῷ
434 1595 469 1660 dt
493 1589 622 1678 όστερον
654 1593 873 1682 Χλωθομῆρος
895 1597 974 1664 sart
991 1600 1211 1687 Βουργουζιιό-

124 1719 189 1760 νων
206 1691 468 1780 ἐπιστρατεύσας,
499 1693 601 1781 (γένος
618 1694 653 1758 di
672 1696 764 1760 τοῦτο
782 1693 956 1779 Γοτθικόν,
976 1699 1152 1785 αότουργόν
1174 1723 1210 1764 τε
1240 1711 1247 1718 ”

123 1795 304 1880 περιφανῶς
327 1789 367 1856 τό
388 1795 550 1880 πολέμια)
572 1793 606 1857 ἐν
630 1792 715 1880 αὐτῷ
742 1792 781 1876 tr)
806 1795 850 1884 τρῖ
871 1797 996 1887 πολέμῳ
1020 1797 1149 1887 ἄκοντιόρ
1170 1795 1211 1866 τό

84 1886 242 1977 Ιὸστέρνα
261 1889 386 1971 τυπείς,
407 1885 559 1977 όνηρέθη.
591 1886 737 1968 πεσόντος
762 1892 798 1958 di
816 1893 923 1976 αότοῦ,
944 1892 1052 1978 ἐπειδὴ
1077 1891 1132 1979 τὴν
1153 1893 1209 1960 κό-

124 2016 191 2076 μην
213 1987 243 2053 oi
265 1991 518 2074 Βουργουζιωνες
535 1988 723 2075 καθειμένην
741 1993 796 2056 καί
818 1984 936 2080 όφετον
958 1991 1131 2060 ἐθεάσαντο
1152 1993 1233 2063 sciit

85 2118 89 2123 ·
122 2092 224 2174 μέχρι
251 2089 308 2152 τοό
338 2088 537 2174 μεταφρένου
565 2089 816 2174 κεχαλασμένην,
853 2083 965 2156 atrato
986 2087 1126 2174 ἔγνωσαν
1152 2090 1209 2160 τόν

121 2185 263 2276 ἡγεμόνα
283 2183 347 2252 πυόν
369 2189 525 2267 πολεμίων
539 2184 771 2265 όποκτανόντες.
790 2187 923 2271 θεμιτόν
944 2189 1004 2276 γόρ
1029 2199 1094 2268 τοῖς
1115 2194 1209 2273 βασι-

119 2287 212 2350 λεόσι
237 2288 300 2351 τεόν
323 2284 478 2371 Φρόγγων
508 2279 670 2350 οόποόποτε
700 2285 880 2372 κείρεσθαι,
918 2285 988 2351 ἀλλ’
1008 2286 1210 2374 ἀκειρεκόμαν

81 2389 157 2453 sors
177 2388 257 2453 εἰσιν
274 2386 309 2450 ἐκ
333 2383 455 2449 παίδων
474 2381 543 2466 ἀεὶ,
570 2381 626 2448 καί
639 2384 862 2475 παρηυόρηνται
882 2385 990 2462 αὐτοῖς
1007 2383 1144 2464 όπαντες
1169 2380 1209 2454 ed

194 2524 217 2560 r.
234 2504 366 2574 πατέρων
382 2504 410 2555 h
431 2511 460 2556 et
477 2502 520 2566 ic,
539 2502 656 2573 πατριόν
671 2503 743 2573 vulg.
813 2521 839 2563 a.
857 2502 888 2561 is
904 2503 996 2558 ἐκεῖνο
1011 2504 1050 2557 Ch
1063 2544 1072 2569 ,
1086 2505 1116 2563 ἐς
1130 2506 1207 2559 ἐκεί-

189 2591 244 2631 νου
251 2576 336 2643 ταις..
351 2572 380 2629 ἐς
395 2576 491 2627 κείνου
503 2575 532 2624 R.
613 2578 637 2629 5.
652 2574 914 2642 ξυνενεχθέντωνθ.
932 2572 1113 2645 ir.et1utpr.:
1132 2594 1206 2648 ηααα

190 2647 379 2715 contigissent,
411 2640 587 2711 ξυνεχόντων
605 2643 676 2711 vulg.
777 2645 802 2696 8.
820 2643 1095 2715 Xeiiipeproehngd.
1116 2656 1145 2699 et
1162 2647 1207 2700 ed.

190 2732 233 2785 pr,
304 2714 359 2785 μὲν
376 2703 435 2784 γόρ
450 2715 491 2776 R„
514 2707 571 2782 γὰρ
590 2712 640 2776 sn,
661 2710 717 2784 μὲν
730 2712 802 2783 vulg.
888 2713 1206 2785 modernitate,

192 2782 348 2854 Λωθόρτος
362 2784 433 2853 vulg.
490 2780 658 2852 Θευόέριχος
673 2784 701 2834 tt.
724 2791 753 2835 et
770 2784 821 2847 fn,
841 2781 1009 2854 Θεοόέριχος
1021 2786 1091 2853 vulg.
1164 2788 1207 2855 τό,

192 2853 360 2924 περιφανῶς
373 2856 419 2917 tt,
443 2864 510 2919 περι
537 2852 601 2909 orie
615 2851 698 2921 Lugd.
713 2853 795 2917 etin,
814 2856 863 2905 ant
877 2852 1036 2923 περιφανὲς
1050 2855 1112 2909 edd.
1167 2852 1205 2908 τό

193 2926 298 2995 στέρνα
309 2941 359 2976 ons.
374 2924 406 2977 ir.
497 2871 536 2979 τό
557 2920 764 2980 enarratione
784 2925 833 2987 h„
859 2920 1045 2983 ἀπεκτονότες
1058 2928 1129 2997 vulp

120 3042 189 3113 ipsis
206 3051 235 3095 et
251 3043 372 3095 finitimis
390 3043 530 3112 imperant.
565 3040 631 3095 Filii
648 3042 771 3111 patribus
787 3042 817 3095 in
827 3058 939 3113 reguum
954 3044 1111 3098 succedunt.
1146 3045 1203 3098 Sed

121 3130 155 3166 eo
169 3124 305 3183 tempore,
329 3130 382 3185 qno
399 3112 484 3165 Gothi
503 3113 667 3181 legationem
683 3112 717 3163 ad
733 3130 778 3164 eos
793 3114 937 3177 miseruut,
963 3122 1018 3167 tres
1038 3115 1106 3183 ipsis
1126 3123 1204 3168 erant

119 3186 274 3255 principes3
290 3201 380 3257 neque
393 3200 457 3235 vcro
468 3182 515 3233 abs
526 3199 555 3233 re
567 3182 686 3234 facturus
698 3183 766 3235 mihi
778 3182 881 3247 videor,
897 3185 920 3235 si
935 3186 1018 3252 panto
1030 3184 1110 3237 altius
1123 3200 1203 3267 repe-

119 3256 173 3305 tito
189 3271 298 3323 genere,
318 3254 531 3324 brevissimeqne
545 3253 675 3305 enarratis
691 3254 725 3305 iis
744 3255 792 3322 qni
806 3263 885 3305 antea
904 3270 950 3306 eos
961 3262 1096 3314 rexerunt,
1110 3256 1140 3305 iu
1155 3254 1199 3316 ris,

119 3324 219 3394 quiec
237 3334 359 3395 tempore
376 3324 559 3392 imperabant,
587 3322 760 3393 digressionis
776 3326 857 3375 finem
876 3324 975 3376 fecero.
1012 3322 1198 3375 Chlidibertus

118 3388 233 3463 quidem
247 3404 274 3446 et
293 3395 485 3458 Chlotharius,
500 3401 640 3462 praeterea
658 3410 721 3446 vero
740 3392 926 3447 Theodericus
944 3402 973 3446 ct
989 3391 1198 3448 Chlothomerus

117 3465 240 3533 germani
251 3466 344 3517 iratres
357 3458 475 3517 inerunt
494 3463 529 3515 Hi
541 3454 647 3516 mortuis
658 3471 734 3533 petre
752 3462 920 3516 Chlothoaeo
934 3465 964 3515 iu
976 3472 1093 3535 quatuor
1107 3471 1197 3545 partes

118 3550 234 3602 regnum
247 3536 349 3603 partiti,
367 3533 514 3587 secundum
525 3534 606 3585 urbes
621 3542 649 3586 et
663 3534 790 3603 populos,
809 3534 847 3584 ita
863 3542 894 3587 nt
906 3550 1006 3605 aequas
1020 3534 1118 3601 singnis
1133 3549 1198 3601 por-

119 3604 222 3666 tiones,
242 3614 273 3656 ut
289 3605 413 3668 arbitror,
431 3606 593 3673 acciperent
625 3604 686 3656 Non
702 3604 788 3656 multo
801 3613 865 3673 post
879 3612 999 3673 tempore
1017 3603 1196 3656 Chiothomc-

118 3690 164 3725 rus
179 3675 305 3727 adversus
317 3676 496 3745 Burgusiones
507 3676 656 3726 exercitum
667 3673 777 3739 ducens,
794 3674 880 3747 (natio
896 3684 986 3727 autem
1001 3672 1068 3726 haec
1080 3670 1197 3724 Gothico

118 3752 161 3795 est
177 3762 227 3813 per
245 3762 273 3797 se
291 3745 428 3797 laboriosa
447 3754 475 3798 et
491 3746 593 3797 bellica
611 3743 693 3797 laude
711 3746 804 3815 clare)
821 3746 850 3796 in
871 3744 930 3813 ipso
950 3745 1073 3815 proelio,
1099 3750 1195 3811 pectus

117 3813 207 3867 iaculo
226 3814 316 3879 ictus,
333 3817 447 3867 interiit.
486 3816 549 3884 Quo
563 3814 640 3866 humi
662 3816 767 3867 iacente
787 3818 966 3885 Bargusiones
986 3812 1145 3881 promissam
1160 3812 1198 3864 il-

116 3882 170 3935 lius
188 3886 335 3968 lanamque
355 3902 456 3937 comam
475 3896 503 3939 et
523 3885 557 3938 ed
576 3886 700 3954 scapulas
719 3902 805 3955 usqne
823 3885 1020 3954 pertingentem
1038 3882 1197 3951 conspicati,

117 3955 263 4007 confestim
283 3956 479 4009 intellexerunt
491 3972 520 4007 se
540 3956 636 4007 ducem
651 3955 769 4007 hostiurn
787 3955 961 4006 interfecisse.
986 3952 1111 4005 Solemue
1123 3955 1197 4004 enim

118 4031 159 4074 est
179 4026 346 4077 Francorum
364 4027 472 4096 regibus
491 4042 630 4097 nunquam
650 4026 772 4078 tonderi:
797 4023 845 4077 sed
869 4023 994 4091 rapueris
1014 4022 1119 4085 intonsi
1138 4040 1198 4074 ma-

116 4103 199 4162 nent;
217 4098 349 4147 'caesaries
362 4103 422 4148 tota
437 4096 565 4148 decenter
576 4096 615 4147 eis
631 4096 661 4146 in
674 4094 800 4147 humeros
812 4092 970 4164 propendet,
985 4095 1105 4147 anterior
1119 4110 1197 4145 coms

118 4179 133 4214 e
149 4165 241 4219 fronte
259 4166 444 4221 discriminata
460 4167 491 4217 in
509 4174 654 4235 utrumque
672 4165 742 4216 latus
756 4164 870 4231 deflere
911 4162 1008 4236 Neque
1020 4182 1084 4218 vcro
1100 4175 1196 4233 quem-

115 4225 263 4291 admodum
278 4238 377 4291 Turcis
403 4244 431 4290 et
453 4236 546 4290 Araris
571 4235 680 4304 impexa
705 4232 740 4287 iis
768 4242 797 4287 et
821 4232 957 4307 squallida
973 4235 1137 4323 sordidaque
1153 4238 1198 4287 est
