3109 4950
490 280 774 357 ιιιειοιιιιιιιιιιι
804 283 860 345 ιιι.
891 284 942 349 ιι.
1189 251 1266 365 ιθη

182 434 240 514 νάς
256 432 408 515 inrupto
421 432 623 517 ἀνηκέστους,
639 435 702 498 τοῖν
714 436 774 513 μὲν
787 430 845 510 oric
859 428 1030 514 έπαμάνειν
1045 427 1149 516 χροιάν
1162 429 1272 519 πόρρω
1281 443 1311 501 A.
1320 444 1352 506 C.
1364 444 1417 516 sta

182 558 246 601 που
264 530 344 597 κατά
361 527 419 615 την
445 524 586 617 Ἰβηρίαν
604 528 653 597 ἔτι
667 527 864 614 μελλόντων,
884 529 939 596 καί
955 531 1123 612 ἀνειμένως
1138 516 1377 615 ιιορευο-Ῑ·Ῑ·’8

181 635 303 715 μένων,
332 633 396 695 τάν
425 631 459 694 δὲ·
482 632 748 716 τιμωρησομένων
774 628 831 716 την
853 654 888 695 τε
908 633 1018 716 χώραν
1034 623 1163 699 άπασαν
1179 634 1346 693 xnus-w

183 731 322 817 χάνιων,
343 726 399 793 καί
410 738 481 805 ταῖς
495 725 662 815 ἡμετέραις
678 726 807 795 πόλεσιν
826 727 1045 809 ένοικοάντωνς

165 852 184 915 5
267 827 314 913 ιγ’.
357 880 379 911 ,,
388 828 508 895 Καίτοι
531 825 629 916 φησίν
662 827 781 903 adroic
805 825 975 913 ὅγενναίυς
990 827 1103 893 οάτοσί
1113 828 1195 911 μηδὲ
1215 823 1272 911 τὴν

182 926 286 1017 άρμὴν
300 923 540 1013 ὑποστήσεσθαι
554 927 656 1012 ἡμῶν,
675 928 906 1012 παραδείγματι
919 923 1080 1012 χράμενος
1098 934 1164 1001 τοῖς
1182 922 1272 1007 ἔναγ-

180 1054 239 1113 χος
257 1026 483 1113 συμβεβηκόσι.
512 1024 567 1091 καί
583 1029 630 1103 τίς
647 1020 828 1111 ἀγνοήσειεν
843 1020 884 1091 ἀν
902 1026 948 1102 ὥς
970 1025 1028 1103 τάς
1047 1027 1109 1091 τοῖν
1126 1026 1271 1105 πολέμων

181 1124 301 1215 τροπάς
319 1120 376 1189 ndu
395 1123 451 1191 ε’πί
467 1119 568 1211 ῥητοῖς
583 1122 699 1209 ἀνάγκη
721 1127 918 1209 συμβαινειν,
933 1118 1008 1189 οὐδὲ
1021 1122 1099 1200 τοάς
1113 1124 1273 1207 νῦνσφα-

183 1229 291 1302 λένιας
312 1221 411 1307 τυχὸν
433 1226 497 1289 τῶν
521 1220 640 1305 ὁμοίων
660 1222 714 1289 ἀεὶ
731 1223 981 1309 μεταλαγχάνειν
1005 1220 1268 1305 ἀποτευγμάτων,

144 1320 370 1397 ιοτοάναντίον
390 1320 451 1407 γάρ
474 1318 516 1399 άς
544 1318 583 1386 τά
609 1318 709 1386 πολλά
736 1320 816 1409 πρὸς
842 1319 918 1400 τοὺς
941 1322 1131 1407 ἧιτηθέντας
1153 1319 1174 1405 ἦ
1199 1322 1301 1403 νίκηΡ.
1319 1334 1357 1392 88

183 1424 325 1504 μέτεισι,
345 1419 401 1484 καί
415 1418 451 1484 τά
471 1423 655 1506 δυσφοροῦν
672 1417 886 1507 έκθεραπεάει.
915 1415 953 1484 osi
975 1417 1038 1506 χρὴ
1054 1421 1161 1485 τοίνυν
1175 1417 1270 1503 ἡμᾶς,

183 1518 328 1603 καθάπερ
346 1520 523 1599 εἰθισμένον
545 1518 654 1595 αὐτοῖς
669 1516 815 1584 τολοιπάν
832 1522 868 1584 ἕν
881 1516 1019 1602 ἀντάσαις
1038 1526 1109 1593 ταῖς
1128 1522 1271 1599 συμπλο-

183 1626 255 1695 καῖς
262 1619 482 1699 ἐλασσοῦσθαι,
498 1618 580 1704 πέρα
595 1620 653 1683 τοῦ
662 1621 794 1705 μετρίου
807 1618 953 1706 θαρρεῖν.
974 1618 1006 1683 εἶ
1018 1618 1078 1700 μὲν
1091 1613 1153 1703 γάρ
1171 1613 1271 1704 τοάτφ

182 1714 267 1805 μάνιρ
285 1718 455 1801 νενίκηνται
465 1767 475 1799 ,
505 1719 548 1804 τῷ
567 1716 613 1803 μά
625 1714 664 1782 τά
683 1720 792 1783 δέοντα
804 1720 1055 1803 βεβουλεῦσθαι,
1083 1716 1271 1803 προσεκτέον

145 1815 243 1896 ιόμὲν
263 1813 340 1899 ἡμῖν
363 1816 442 1903 τῷδε
466 1818 588 1895 μάλλον
611 1818 657 1903 τῷ
676 1816 923 1901 παραδειγματι,
954 1819 1010 1881 καί
1032 1815 1271 1902 προφυλακτέον

182 1910 256 1989 τούς
277 1914 311 1975 ἑκ
330 1914 386 1997 τῆς
410 1913 563 1997 ἀβουλίας
585 1913 771 1990 κινδύνους.
795 1916 834 1979 οά
857 1912 922 2001 μην
943 1911 1102 2003 πράάηλον
1124 1914 1271 1979 ἐντεῦθεν

184 2010 311 2075 οἴεσθαι
327 2013 380 2075 dei
389 2010 425 2075 τά
439 2012 557 2102 ῥράίως
568 2013 675 2079 αὐτῶν
692 2014 908 2099 περιέσεσθαι.
927 2012 1011 2089 εἰκάς
1025 2010 1086 2099 γάρ
1100 2009 1176 2087 τοάς
1191 2008 1271 2094 πρά.

183 2132 277 2195 τερον
288 2108 550 2197 ἁμαρτήσαντας,
576 2115 633 2177 κατ’
649 2109 702 2176 ἀνά
723 2114 782 2197 τῆς
799 2114 911 2199 πείρας
926 2108 1021 2177 insta
1042 2112 1194 2198 φευκτέον
1214 2131 1270 2171 πε-

180 2210 426 2290 παιδευμένους,
467 2213 521 2274 καί
545 2207 622 2275 adad
647 2208 686 2295 θη
708 2208 745 2275 τά
763 2212 931 2296 παροφθὲν
954 2211 1211 2275 ἀνακαλέσασθαι
1231 2210 1272 2293 τῇ

139 2308 258 2393 αοπερί
279 2310 342 2373 τῶν
363 2310 476 2395 ἐφεξῆς
504 2310 661 2392 ἐσομένων
686 2309 856 2397 ἐπιμελείᾳ,
886 2310 918 2373 εἰ
934 2310 970 2374 δέ
991 2307 1027 2373 τά
1048 2312 1136 2373 θεῖον
1159 2304 1293 2379 αὖτοΐςιι

251 2434 276 2488 3.
296 2428 350 2497 τάν
366 2444 396 2486 τε
408 2430 508 2504 χάραν
524 2430 641 2488 ιλιιασαν
658 2436 704 2496 lt,
722 2432 839 2487 άπασαν
856 2427 910 2498 τάν
925 2432 1025 2503 χάραν
1041 2446 1071 2486 τι
1088 2432 1158 2502 vulg.
1242 2430 1267 2482 5.

252 2493 340 2560 αιλτάς
358 2505 386 2556 λλ.
458 2507 483 2557 (i
503 2503 720 2570 ἀποστήσεσθαι
738 2505 820 2576 ἡμῶν
837 2509 883 2568 tt,
901 2504 983 2576 ἡμῶν
999 2504 1046 2556 ιλιι.
1067 2503 1138 2572 vulg.
1183 2500 1268 2570 ἔναγ-

253 2589 306 2642 χος
323 2575 351 2624 R.
368 2573 453 2645 bugd.
473 2581 502 2625 et
512 2575 597 2644 Intpr.
613 2577 704 2648 paulo
721 2591 797 2639 ante,
815 2575 864 2628 Ed.
883 2592 925 2647 pr.
942 2574 1054 2643 ἕναχος,
1072 2576 1128 2627 Par.
1149 2569 1267 2640 έναχυλε.

253 2663 282 2712 9.
300 2641 527 2714 μεταλαγχάνειν
543 2648 589 2711 ts,
605 2644 765 2716 λαγχάνειν
783 2646 856 2717 vulg·
915 2661 955 2700 to.
973 2648 1142 2711 νικηθέντας
1159 2643 1189 2694 Ii.
1228 2642 1268 2694 15.

254 2715 495 2786 προσφυλακιέυν
511 2717 543 2768 R.
860 2727 863 2733 ’
1231 2750 1235 2756 -

185 2829 334 2884 vindictam
348 2833 528 2901 incurramus,
545 2835 580 2888 iis
595 2835 716 2906 quidem,
737 2855 805 2908 quos
821 2835 926 2895 auxilio
946 2832 1028 2888 nobis
1039 2835 1134 2888 venire
1147 2837 1266 2900 oportet,

182 2902 281 2973 procul
298 2902 363 2954 hinc
377 2905 406 2954 in
421 2904 513 2958 Iberia
530 2908 721 2960 cunctantibus
742 2909 874 2977 lenteque
891 2905 1117 2975 procedentibus3
1142 2903 1177 2956 iis
1201 2917 1265 2952 vero

183 2974 234 3044 qni
252 2974 386 3026 ultionem
404 2976 530 3044 exigent,
547 2978 700 3034 universam
713 2979 851 3047 regionem
863 2975 1059 3046 occupantibus
1080 2981 1108 3025 et
1123 2973 1153 3022 iu
1164 2973 1266 3022 uostris

183 3043 300 3096 urbibus
314 3043 523 3098 habitantibus?

257 3117 311 3170 13.v
331 3115 445 3184 „Atqui
453 3123 486 3168 ut
503 3117 618 3186 insignis
627 3118 680 3169 iate
699 3117 740 3168 vir
758 3117 806 3180 ait,
824 3133 860 3168 ue
876 3117 995 3188 primum
1015 3110 1127 3183 quidem
1143 3115 1266 3160 nostrum

183 3182 316 3253 impetum
334 3184 519 3249 sustinebunt,
533 3196 691 3256 argumento
711 3203 744 3238 ex
763 3189 809 3248 iis,
826 3204 897 3256 quae
914 3183 996 3254 paulo
1017 3189 1080 3232 unte
1098 3179 1266 3239 acciderunt,

183 3263 300 3323 sumpto.
321 3253 358 3305 At
376 3255 436 3323 quis
454 3255 619 3326 ignoraverit
636 3256 772 3309 bellorum
789 3254 990 3309 vicissitudines
1007 3267 1180 3321 nequaquam
1193 3255 1266 3299 ceria

183 3325 347 3376 necessitate
368 3323 508 3394 accideret
534 3344 587 3380 nec
613 3344 660 3380 eos
685 3329 732 3396 qui
760 3327 928 3380 nuncios-te
945 3323 1015 3375 male
1042 3338 1099 3373 rem
1117 3325 1265 3389 gesserunt,

184 3394 299 3460 perinde
326 3395 465 3448 adversam
491 3415 598 3467 semper
624 3397 759 3465 fortunam
788 3396 939 3449 babituros.
995 3391 1063 3444 Nam
1088 3407 1104 3443 θ
1129 3389 1264 3442 0⁰11ir²¹i⁰

184 3462 300 3516 victoris
318 3465 475 3535 frequenter
497 3469 532 3520 ad
548 3469 634 3520 victos
650 3470 756 3528 transit,
775 3473 805 3519 et
822 3467 947 3518 fortunae
966 3464 1156 3516 adversitatem
1170 3475 1265 3510 emen-

185 3532 240 3584 dat
277 3533 338 3586 Nou
356 3544 464 3604 oportet
480 3537 490 3588 i
508 3541 564 3590 itur
575 3556 634 3603 nos,
651 3534 766 3606 perinde
783 3554 815 3589 sc
830 3537 854 3587 si
872 3554 921 3606 pro
940 3552 988 3586 suo
1011 3549 1085 3586 more
1104 3538 1132 3581 et
1149 3545 1264 3580 consue-

184 3601 284 3656 tudine
301 3605 331 3656 iu
345 3606 471 3660 omnibus
488 3557 617 3679 deinceps
633 3609 746 3679 proeliis
761 3615 853 3660 esseut
864 3605 1042 3664 succubituri‚
1059 3595 1265 3670 supramodum

184 3690 246 3726 esse
265 3674 438 3732 confidentes.
456 3678 486 3730 Si
506 3681 579 3731 enirn
597 3697 629 3732 eo
650 3680 708 3731 solo
727 3679 840 3733 fuerunt
855 3677 930 3740 victi,
949 3675 1024 3748 quod
1042 3669 1181 3731 nonsatis,
1197 3669 1265 3736 quid

182 3744 260 3796 iacto
288 3760 356 3812 opus
379 3755 458 3810 esset,
476 3749 699 3819 perpendissent,
732 3750 814 3804 uobis
840 3745 954 3818 quidem
980 3744 1033 3796 boe
1056 3741 1208 3809 exemptum
1233 3741 1266 3792 iu

183 3823 309 3868 nostrum
327 3831 405 3866 usum
422 3826 464 3869 est
481 3820 707 3883 convertendum,
731 3826 760 3870 et
777 3816 976 3889 praecaventis,
998 3829 1068 3885 quae
1086 3811 1266 3863 temeritatem

184 3887 351 3956 consiliique
372 3890 607 3957 praecipitandam
626 3899 839 3972 consequuntur,
857 3887 989 3958 pericula·
1025 3881 1121 3950 Neque
1142 3883 1267 3942 θῦίῐιλθῑ

204 3958 332 4009 raeterito
348 3967 531 4010 caracenam
554 3959 634 4012 uobis
661 3959 696 4010 de
717 3960 785 4027 ipsis
810 3959 951 4011 victoriam
974 3969 1116 4023 possumus
1133 3951 1265 4020 polliceri·

183 3973 342 4079 zerisimile
360 4027 434 4078 enim
452 4036 502 4091 est,
521 4045 567 4080 eos
590 4031 639 4098 qui
665 4036 746 4080 antea
765 4035 902 4090 errarunt,
929 4024 1099 4093 experientia
1116 4022 1175 4090 ipsa
1199 4016 1267 4102 quid

184 4095 346 4166 fugiendum
363 4097 406 4160 sit,
428 4097 549 4160 edoctos,
574 4100 603 4150 id
622 4097 696 4168 φιοιλ
713 4098 842 4150 omissum
858 4096 1064 4166 neglectumque
1082 4092 1146 4154 fuit,
1164 4104 1268 4160 malote

185 4165 314 4246 deinceps
332 4167 362 4224 in
380 4165 603 4242 resurgentes
621 4165 684 4230 cura·
709 4173 936 4245 compensamus.
971 4160 1002 4224 Si
1025 4180 1090 4227 veto
1107 4161 1181 4218 θέω
1200 4153 1268 4230 ¹9⁵⁵*
