3109 4950
303 313 385 416 24⁰
634 291 637 298 ¹
696 362 704 375 ·
733 337 942 408 καλειται

155 506 184 556 Α.
200 506 228 556 C.
239 507 291 560 556
299 517 347 570 τις
369 492 499 568 ἀπιστάς
522 490 563 579 τῇ
587 484 770 584 ἀκρωναχάγ
791 491 960 560 διακωλάοι
984 493 1058 570 τούς
1074 493 1234 578 ἀπιόντας,
1262 491 1385 582 μῆποτε

199 577 246 634 ¹·¹·
258 581 291 634 ³⁰
302 589 510 677 διαβήσεσθαι
523 596 691 673 πολεμίους
699 644 710 675 ,
736 597 820 678 μηδὲ
840 596 871 660 εἰ
883 594 1003 677 πλῆθος
1018 589 1079 659 εἶεν
1094 591 1280 682 ἀνάριθμον,
1299 597 1384 681 μηδὲ

260 719 264 728 ·
300 690 333 755 εἶ
353 692 468 774 κοῦφοι
486 685 622 766 ἀπαντες
644 692 700 756 καί
715 691 891 772 εὐσταλεῖς,
922 689 1055 767 δποίοιις,
1070 691 1155 778 φασδ
1175 693 1251 768 τούς
1277 688 1383 758 'Ioue'-

299 812 385 875 ρους.
424 787 523 877 τούτῳ
541 787 581 875 δὴ
600 782 658 854 osio
676 791 720 879 aqi
738 787 834 880 χώρῳ
853 788 996 874 πίσυνοι,
1012 793 1045 867 ἒς
1065 785 1217 857 ἀπόνοιαν
1231 790 1382 879 ἐτράπον-

268 885 540 971 Βτοβιαιοτάτην.
581 881 652 953 ἀλλ’
665 886 696 952 οἱ
714 888 890 971 Ῥωμαῖοι,
912 891 968 953 τοῦ
987 886 1165 972 μιάσματος
1188 890 1405 975 ἀπηγγελμέ-ξι

293 969 355 1051 ονον
364 1037 374 1066 ,
390 986 424 1050 ἑν
437 981 514 1074 ἀργῇ
534 985 721 1072 ἐποιήσαντο
743 984 779 1051 τά
798 989 1009 1072 γεγενημένον.
1037 986 1105 1052 (καί
1119 987 1157 1073 δὴ
1175 991 1237 1053 τάν
1257 986 1382 1074 βαρβά-

223 1115 227 1124 ·
300 1111 366 1173 ρων
382 1083 573 1167 μελλόντων,
587 1084 643 1150 καί
660 1079 748 1150 oinos
770 1083 915 1173 φρουράς
929 1087 971 1176 τῷ
990 1084 1078 1175 λόφῳ
1102 1089 1382 1172 καταστησάντων,

299 1183 547 1270 προτερήσαντες
563 1186 712 1270 κρατοῦσι
732 1187 789 1269 τῆς
815 1177 913 1270 άκρας
939 1183 1069 1270 ῥαχίας,
1090 1184 1145 1250 καί
1169 1183 1294 1262 οάδενὸς
1317 1183 1382 1270 Ιεἴρ-

300 1306 409 1367 γοντος
431 1279 643 1367 ὑπερβάντες,
666 1286 700 1359 ἐς
718 1281 757 1348 τά
786 1281 945 1365 ἱππάσιμα
967 1287 1024 1367 τῆς
1042 1284 1150 1370 χώρας
1174 1279 1310 1359 ἀπαντες
1327 1285 1384 1348 καί

301 1382 545 1460 ἀναπεπταμένα
564 1385 729 1469 παρῆλθον
746 1385 850 1446 πεδία.
875 1381 904 1446 οἱ
922 1384 957 1448 δὲ
969 1385 1164 1465 Μισιμιανοί
1180 1381 1287 1468 ἐπειδὴ
1306 1385 1428 1468 τῆσ-ιο

302 1482 338 1543 ’δε
348 1478 523 1565 διήμαρτον
544 1481 598 1564 τῆς
620 1482 762 1562 ἐλπίδος,
778 1474 892 1544 οιάτίκα
910 1477 950 1545 τά
964 1480 1094 1545 πλεῖστά
1115 1505 1150 1566 γε
1172 1479 1228 1546 καί
1251 1475 1383 1566 περιττά

303 1579 367 1642 τάν
385 1580 546 1664 σφετέρων
564 1580 728 1665 φρουρίων
736 1577 963 1666 ἐμπρήσαντες,
979 1579 1023 1654 ὥς
1037 1579 1096 1662 οὐχ
1114 1575 1229 1646 οἷόντε
1248 1573 1383 1656 ἀνάπα-

305 1701 357 1742 σιν
375 1670 524 1762 ἀρκέσαι,
550 1679 584 1754 ἐς
598 1681 632 1743 ἓν
648 1703 681 1741 τι
699 1678 806 1759 μόνον,
833 1673 905 1762 ὅπερ
924 1673 1126 1764 ὀχυρώτατον
1141 1671 1248 1753 αάτοῖς
1272 1675 1382 1758 ἐδόκει,

215 1782 248 1835 V.
261 1770 436 1850 88άπαντες
449 1777 655 1859 ξυνελέγοντο.
696 1778 846 1840 τοῦτοδὲ
871 1776 997 1862 Τζάχαρ
1016 1779 1078 1858 μὲν
1100 1778 1136 1840 ἐκ
1154 1778 1289 1840 παλαιοῦ
1316 1773 1383 1840 ὀνο-

301 1871 451 1956 μάζεται,
477 1875 632 1960 Σιδηροῦν
660 1875 696 1939 δὲ
717 1873 794 1938 αάτὸ
821 1873 874 1938 διά
902 1872 937 1938 τά
955 1871 1084 1960 στερρόν
1098 1898 1133 1938 τε
1154 1872 1209 1938 καί
1224 1869 1426 1938 ἀνάλωτονιὸ

303 1975 430 2057 ἐπίκλην
451 1966 674 2040 ἀποκαλοῦσιν.
715 1972 832 2056 ὄλίγοις
854 1976 889 2038 δέ
910 1996 972 2038 τισι
988 1975 1051 2038 τάν
1081 1975 1253 2055 Ῥωμαίων
1273 1974 1328 2037 καὶ
1346 1971 1383 2034 oi

208 2087 236 2137 P.
250 2065 438 2155 annutiavi}
458 2069 693 2157 τεσσαράκοντα
713 2071 844 2136 ἱππεῦσι
863 2075 1150 2158 ξανηθροισμὲνοις,
1174 2065 1270 2160 (ἦσαν
1290 2073 1325 2135 δὲ
1346 2072 1385 2134 od

304 2173 368 2236 τῶν
388 2173 527 2254 πολλῶν,
548 2172 617 2236 ἀλλ’
634 2169 741 2255 ἔξοχοι
759 2173 793 2246 ἒς
816 2169 855 2236 τά
882 2169 1038 2254 μάλιστα,
1060 2169 1116 2236 καί
1134 2170 1288 2254 τάγμασιν
1311 2171 1385 2255 ἐφε-

304 2268 474 2359 στηκότες)
489 2270 613 2346 τούτοις
629 2269 670 2356 δὴ
685 2265 742 2337 οάν
760 2270 931 2357 ἀποκριδὸν
946 2274 1003 2335 τοῦ
1023 2266 1119 2335 ἄλλον
1139 2267 1253 2351 ὅμιλον
1272 2290 1384 2352 πορευ-

305 2377 430 2450 ομένοις
442 2420 452 2450 ,
475 2371 682 2455 ἐπιφοιτῶσιν
707 2361 820 2456 ἀνδρες
842 2372 907 2433 τιόν
929 2371 1136 2450 Μισιμιανῶν
1152 2363 1429 2445 ε’ςὲξακοσιλιος,κσ

305 2470 396 2547 πεζοί
415 2463 482 2551 ἀμα
500 2471 559 2535 καί
570 2465 702 2536 ἱππόται
713 2521 724 2551 ,
749 2467 887 2551 οἰόμενοι
910 2464 1054 2545 άπαντας
1076 2471 1120 2558 τῷ
1140 2465 1255 2552 πλήθει
1272 2470 1384 2544 ξυλλα-

304 2569 412 2650 βόντες
436 2564 555 2657 ῥηιδίως
585 2571 841 2654 διαχειριεῖσδαι.
884 2566 914 2633 οἱ
944 2570 980 2635 δὲ
1009 2572 1049 2656 τῇ
1070 2572 1134 2633 τῶν
1156 2568 1300 2647 πολέμων
1328 2567 1384 2647 ε’μ-

377 2711 399 2746 ι.
417 2690 578 2763 ἀκρονυχίςι
596 2694 626 2747 R.
709 2696 734 2747 3.
754 2691 844 2745 διτοία
862 2695 903 2757 tt,
921 2696 968 2763 qui
988 2712 1063 2747 error
1082 2710 1162 2763 saepe
1178 2692 1300 2745 recurrit
1360 2690 1384 2759 4.

373 2766 470 2833 χωρίῳ
487 2765 518 2819 R.
587 2780 611 2831 η.
631 2758 764 2833 φρουράς
778 2765 808 2815 R.
830 2771 859 2817 et
878 2766 962 2833 Intpr.
981 2764 1142 2839 praesidia,
1163 2756 1299 2835 φρουράν
1315 2762 1384 2833 vul&

377 2850 415 2886 ιι.
434 2829 468 2885 τά
487 2831 550 2887 add
568 2834 615 2897 Ro,
630 2847 663 2905 γε
682 2849 733 2886 om.
751 2832 832 2887 idem.

303 2968 353 3021 tici
363 2969 463 3021 montis
480 2969 609 3024 insistens
627 2970 786 3023 aecedentes
800 2971 877 3025 aditu
888 2970 1041 3041 prohibeat,
1058 2969 1149 3023 hostes
1166 2988 1305 3042 nunquam
1324 2988 1385 3022 eum

304 3040 420 3091 transire
435 3049 551 3109 queant,
571 3057 606 3093 ne
626 3044 649 3095 si
667 3044 775 3095 infinita
796 3042 907 3113 quidem
924 3044 961 3095 sit
981 3041 1144 3106 multitudo,
1161 3060 1196 3094 ne
1218 3058 1252 3093 uc
1270 3042 1293 3094 si
1314 3042 1385 3093 leves

305 3119 388 3179 atque
408 3110 532 3179 expediti
550 3129 644 3165 omnes
663 3113 734 3176 sint,
761 3114 855 3182 quales
872 3130 930 3165 esse
944 3114 1049 3165 Isauros
1074 3112 1173 3163 ferunt
1235 3129 1267 3164 oe
1291 3113 1385 3182 itaque

305 3181 367 3231 loco
386 3181 459 3244 freti,
477 3181 512 3237 ad
528 3199 658 3235 summam
674 3184 812 3235 vesaniam
836 3189 901 3235 sunt
918 3186 1049 3239 conversi.
1085 3181 1260 3246 naamani,
1279 3197 1387 3234 execra-

305 3249 359 3301 bili
375 3252 591 3305 Misimianornm
608 3255 681 3306 sacto
699 3256 765 3323 ipsis
784 3255 930 3317 nuntiato,
960 3255 1098 3323 ingentem
1116 3269 1200 3305 oneo
1218 3252 1386 3323 indignatio·

305 3337 368 3371 nem
388 3333 578 3391 conceperunt
615 3324 813 3376 Cunctantibus
822 3324 926 3375 interea
936 3324 1075 3385 barbaris,
1094 3340 1154 3374 cum
1167 3323 1288 3375 nondum
1305 3338 1386 3393 psae-

305 3391 377 3443 sidia
400 3394 489 3444 monti
514 3394 725 3463 imosuissent,
757 3402 958 3447 antevertentes
984 3412 1030 3455 eos
1053 3394 1165 3446 Romani
1192 3410 1294 3445 summa
1326 3394 1388 3461 iuga

306 3469 457 3531 occupant,
475 3466 639 3537 nomineque
658 3466 809 3517 obsistente
828 3481 860 3515 ea
874 3472 1047 3533 superantes,
1067 3480 1159 3516 omncs
1176 3466 1268 3516 statim
1281 3466 1311 3515 in
1327 3464 1387 3533 pla-

305 3534 398 3584 niores
416 3534 549 3604 equisque
566 3537 673 3604 pervios
692 3552 799 3604 campos
818 3534 1001 3586 effunduntur.
1037 3530 1272 3587 Misimiani'vero
1292 3548 1388 3603 caspe

306 3603 431 3654 frustrati
456 3606 600 3657 confestim
627 3605 752 3674 plurimis
773 3612 802 3656 et
818 3604 1025 3672 supervacaneis
1054 3606 1174 3674 ipsorum
1196 3615 1388 3674 propugnacu-

305 3673 341 3723 lis
359 3675 486 3739 incensis,
496 3675 571 3748 quod
584 3676 713 3727 nimirum
729 3673 855 3727 omnibus
868 3674 977 3725 tuendis
987 3692 1066 3743 pares
1076 3693 1131 3727 non
1147 3684 1245 3738 essent,
1261 3676 1291 3727 in
1305 3690 1388 3725 sinum

305 3744 442 3811 quoddam
460 3748 556 3813 solum,
574 3745 648 3817 quod
671 3744 883 3797 munitissimum
900 3744 1136 3813 ipsisvidebatur,
1154 3762 1247 3797 omnes
1268 3762 1296 3797 se
1313 3761 1388 3796 rece-

304 3823 413 3882 perunt.
437 3816 535 3869 Zachar
552 3818 581 3870 id
599 3816 634 3867 ab
660 3818 773 3886 antiquo
792 3816 962 3880 nominatur;
987 3816 1115 3867 Ferreum
1134 3824 1224 3868 autem
1243 3816 1273 3867 id
1289 3817 1389 3885 ipsum,

305 3882 382 3952 quod
393 3885 574 3939 firmissimum
589 3888 626 3938 sit
644 3895 726 3956 atque
745 3884 969 3955 inexpugnabile,
979 3888 1178 3955 cognominant.
1215 3887 1309 3939 Paucis
1325 3902 1388 3937 vero

306 3952 469 4022 quibusdam
491 3960 635 4021 Romanis,
661 3967 691 4009 ct
709 3974 765 4008 non
784 3956 908 4025 pluribus
935 3972 1017 4026 quam
1045 3956 1223 4027 quadraginta
1250 3956 1389 4027 equitibus

305 4024 387 4075 simui
407 4031 574 4097 congregatis
592 4028 681 4100 (erant
700 4035 790 4078 autem
808 4044 864 4077 non
887 4042 902 4076 ο
926 4028 1036 4090 multis,
1060 4026 1107 4079 sed
1130 4028 1223 4079 eximii
1249 4026 1389 4095 inprimis

307 4103 337 4146 et
349 4095 490 4164 agminum
504 4098 673 4218 ducespsshou
693 4099 816 4168 inquam,
841 4098 1011 4165 separatima
1031 4098 1137 4168 reliquo
1156 4098 1275 4148 exercitu
1294 4112 1390 4167 procc-

306 4165 417 4228 dentes,
435 4166 568 4219 invadunt
617 4170 736 4220 isimiani
753 4169 806 4219 viri
824 4169 944 4219 sexcenti
963 4167 1070 4237 pedites
1091 4167 1193 4237 pariter
1209 4175 1293 4238 atque
1309 4166 1391 4237 cqui-

306 4243 357 4299 tes,
378 4238 430 4289 rati
444 4254 472 4290 se
490 4254 584 4290 omncs
601 4238 778 4292 multitudine
798 4238 995 4291 circumventos
1007 4239 1092 4292 'facile
1106 4254 1237 4291 cassatos.
1274 4238 1309 4290 Hi
1326 4253 1393 4293 veno
