3109 4950
343 228 426 316 250
778 257 989 328 solmam

111 443 116 460 ν
194 427 225 480 Δ.
242 425 271 477 c,
288 417 400 492 656ξον
418 411 456 478 τά
477 413 512 488 ἐς
530 410 566 476 τό
589 415 678 479 secor
698 416 754 479 καί
771 420 901 480 πλεῖστα
920 411 981 482 ὅσα
1005 417 1266 502 προηδικημένου,
1294 413 1378 484 οὕτω
1394 447 1428 486 τε

1516 533 1517 576 l

237 495 335 555 ΜΟ
344 510 498 597 ἐληλοδός
511 512 545 587 ἀς
561 508 597 576 τό
613 511 815 599 ἀντιδρᾶσαι,
835 514 986 603 βαρβάρφ
1004 513 1059 579 καί
1074 518 1169 580 τοῦτο
1188 510 1289 605 ἀνοίηι·
1309 517 1349 580 od
1364 517 1426 602 μήν

338 610 527 678 παντάπασί
539 634 576 695 ys
596 614 729 697 φειδοῦς
745 616 801 677 καί
819 611 1002 699 συγγνώμης
1029 613 1151 692 ἀνάξιοι
1172 613 1310 701 ἔφασκον
1334 611 1426 697 εἶναι,

241 699 246 710 ’
341 711 481 775 τοσαῦτα
498 701 560 794 ήδη
584 707 672 774 δεινά
689 710 897 794 πεπονθότες,
924 717 979 781 καί
993 712 1142 796 μεγίστας
1158 710 1267 789 ποινάς
1285 713 1427 798 ἀναπλή-
1516 775 1517 806 η

342 833 464 892 σαντες,
485 812 756 896 καταφλεχδειυης
772 813 833 892 μὲν
854 811 963 888 αὐτοῖς
982 816 1038 897 τῆς
1060 815 1118 876 τοῦ
1131 811 1290 898 φρουρίου
1307 814 1445 896 neptus-5
1516 819 1517 878 ξ

314 911 445 990 Βκιδος,
463 902 587 995 ἀνδρῶν
609 910 645 973 δὲ
662 908 813 994 ἡβώντων
832 905 870 976 οὔ
884 919 974 994 μεῖον
996 905 1288 996 ἢπεντακιοχιλάον
1305 911 1429 976 ἀπυλω-
1516 895 1517 962 l

343 1005 454 1089 λότων,
474 1008 632 1090 γυναικῶν
649 1010 686 1072 δὲ
704 1014 808 1098 πολλῷ
819 1007 976 1092 πλειόνων,
997 1007 1052 1076 καί
1063 1010 1185 1078 παίδων
1204 1007 1252 1074 ἔτι
1267 1009 1428 1093 πλειόνων,

343 1107 389 1182 ἀς
409 1101 513 1190 όλίχου
529 1131 565 1191 ys
584 1109 651 1174 δεῖν
671 1103 758 1175 duas
774 1109 965 1198 διαρρυῆναι
983 1107 1018 1176 τό
1038 1112 1149 1197 φάλον.
1179 1105 1252 1174 ὅδὲ
1276 1103 1428 1192 Ἰωάννης
1516 1101 1517 1112 ’

343 1201 561 1289 ἀσμενέστατα
582 1204 762 1294 προσήκατο
783 1207 840 1294 τήν
857 1207 1009 1291 ἱκετείαν,
1027 1211 1087 1274 τοῦ
1103 1229 1137 1272 τε
1148 1204 1192 1292 μή
1210 1207 1266 1272 ἐπί
1284 1211 1428 1271 πλεῖστοι

343 1306 379 1372 δν
395 1304 504 1396 χιορίφ
530 1304 638 1395 ἀρήμφ
656 1305 712 1372 καί
732 1309 930 1396 δυσχειμέρῳ
955 1304 1023 1390 ἅμα
1048 1309 1087 1395 τῇ
1110 1307 1245 1393 στρατιᾷ
1263 1307 1462 1374 διακινδο-ιο
1516 1327 1517 1346 ¹

340 1403 460 1489 νεόειν,
488 1404 543 1470 καί
561 1401 610 1472 ότι
625 1400 838 1493 ἀποχρώντως
865 1407 908 1485 ἀς
930 1403 1056 1494 ἀληθεῖς
1073 1403 1107 1474 οῖ
1128 1400 1344 1491 ἡμαρτηκότες
1360 1403 1428 1468 ἐτε-

340 1505 522 1591 τιμώρηντο.
540 1503 699 1592 τοιγάρτοι
715 1504 855 1592 ὁμήρους
871 1505 986 1590 λαβών,
1007 1509 1062 1574 καί
1069 1507 1109 1570 τά
1120 1501 1272 1590 χρήματα
1288 1499 1392 1567 όπόσα
1410 1496 1428 1563 ό

341 1599 522 1690 Σωτήριχος
537 1604 715 1691 ἀπεφέρετο,
742 1606 785 1670 τά
800 1629 834 1673 τε
853 1598 933 1672 ἀλλα
951 1610 1007 1672 καί
1023 1604 1106 1692 πρός
1122 1629 1158 1688 χε
1171 1600 1210 1670 τό
1225 1605 1260 1670 εἰι
1273 1602 1427 1685 βασιλέως

338 1702 485 1789 χρυσίον·
503 1694 545 1789 ἦν
561 1704 597 1766 δὲ
615 1705 650 1768 ἐν
670 1709 864 1787 νομίσμασιν
876 1707 1014 1772 ἐντελέσι
1031 1731 1065 1770 τε
1079 1704 1137 1773 ,καί
1155 1699 1337 1787 ἀκιβδήλοις
1358 1703 1427 1766 δισ-

338 1799 468 1888 μυρίοις
489 1824 525 1866 τε
544 1799 600 1866 καί
617 1799 858 1886 ὀκτακισχιλιοις
875 1802 955 1891 πρός
978 1799 1096 1892 ἑτέροις
1116 1802 1319 1876 όκτακοσάιις·
1349 1803 1461 1869 rasi-15

247 1896 336 1972 also
344 1928 385 1967 τοι
406 1900 445 1986 δή
463 1894 521 1967 σόν
544 1896 730 1988 ἀπειληφὼς
749 1901 806 1968 καί
828 1903 916 1970 λείαν
933 1902 1049 1988 πολλήν
1066 1899 1325 1990 περιβαλόμενος,
1347 1899 1427 1987 ἐφή-

341 2025 376 2065 κε
394 2001 454 2082 μὲν
481 1999 590 2078 ου’τοῖς
614 1994 715 2080 ἀδεῶς
743 1995 843 2078 adilae
869 2000 908 2068 τοὶ
928 2005 1067 2091 σφέτερα
1088 2006 1260 2085 νέμεσθαι,
1290 2003 1346 2066 κοί
1372 1997 1426 2064 τόν

336 2095 486 2187 πρότερον
500 2093 744 2165 ἀνανεώσασθαι
760 2101 839 2183 βίον.
870 2096 969 2178 αὐτός
988 2104 1026 2166 δὲ
1048 2103 1103 2168 δαί
1127 2097 1186 2186 τήν
1201 2099 1348 2182 Κολχίδα
1369 2101 1425 2182 χήν

337 2201 506 2284 ἐπανῆκεν,
535 2197 655 2275 κλεινόν
677 2192 823 2282 ἀμαικαί
842 2200 1019 2288 ἀγέρωχον,
1047 2203 1105 2266 καί
1130 2199 1237 2282 μόνοις
1259 2198 1426 2286 τριάκοντα

336 2299 491 2386 ἀνδράσιν
509 2301 722 2386 ἐζημιωμίυον
735 2298 930 2380 ἀποκομίσας
943 2298 980 2365 τό
1004 2299 1202 2387 capersana„
1425 2321 1461 2364 ao

419 2397 469 2463 κά.
491 2394 586 2464 Μετὰ
602 2400 637 2464 δὲ
653 2401 757 2464 sarira
772 2397 924 2482 βασιλεάς
936 2395 1167 2480 Ἰοοσοινιαυός,
1187 2395 1331 2487 καθελών
1347 2423 1424 2464 παν·

337 2498 457 2565 τάπασι
476 2501 533 2583 τῆς
552 2492 653 2584 ἀρχῆς
672 2497 728 2561 τόν
745 2503 932 2585 Μαρτῖυον,
951 2496 968 2565 ό
985 2501 1020 2565 δὲ
1037 2494 1207 2567 Ἰουστῖνον
1225 2496 1282 2565 τόν
1297 2502 1329 2567 Γ
1326 2523 1425 2586 ερμα-

406 2628 431 2667 2.
458 2604 496 2681 μή
519 2612 548 2661 a.
586 2608 679 2671 ἔιτῆι
706 2607 757 2659 τοῦ
775 2610 1045 2733 φρ.περ.Η.,.τῆς
1065 2626 1095 2669 π.
1118 2627 1143 2665 τ.
1167 2626 1217 2683 φρ.
1238 2612 1309 2683 vulg.
1399 2615 1422 2667 8.

407 2694 443 2750 ys
462 2697 514 2733 om.
535 2682 565 2731 ll.
640 2678 679 2746 ιή.
699 2676 773 2731 asad
823 2696 856 2731 cx
874 2680 905 2738 R.
978 2685 1016 2737 ιδ.
1035 2681 1317 2755 περιβαλλόμενοςλλ

336 2774 463 2829 l'anditns
479 2776 642 2845 exstirparet
658 2784 776 2844 gentem,
793 2776 846 2828 iam
863 2777 897 2828 ab
911 2775 1024 2847 antiquo
1037 2779 1163 2831 Romanis
1182 2777 1330 2841 subditam,
1350 2783 1378 2828 et
1395 2776 1424 2826 in

336 2846 469 2914 religione
485 2862 545 2897 cum
560 2847 626 2915 ipsis
640 2846 862 2910 convenientem,
883 2864 1007 2919 quaeque
1022 2850 1226 2919 quamplurimis
1239 2848 1349 2907 iniuriis
1359 2864 1423 2916 pro-

334 2923 440 2980 vocata,
450 2914 559 2968 tandem
571 2917 605 2970 ad
619 2915 805 2985 rependendas
816 2917 877 2969 illas
893 2920 1043 2983 accesserit,
1063 2929 1146 2991 atque
1168 2919 1221 2972 hoe
1239 2917 1350 2989 quidem
1362 2918 1425 2968 bar-

334 2986 399 3040 bara
413 2987 529 3057 qsradam
548 2988 677 3053 amentia3
694 2988 930 3041 commiseratione
946 2992 1179 3061 tamcnveniaque
1199 3005 1233 3042 se·
1245 3006 1301 3040 non
1316 3006 1424 3057 prorsus

336 3056 463 3128 indignos
485 3057 635 3119 dicebant,
663 3058 712 3129 qui
728 3056 797 3109 adeo
815 3060 868 3111 iam
891 3062 992 3111 atrocia
1006 3061 1077 3111 mala
1092 3069 1182 3113 essent
1200 3060 1321 3129 perpessi
1339 3058 1423 3109 adeo-

295 3135 300 3152 ·
336 3145 392 3199 que
403 3144 495 3199 graves
505 3146 607 3198 poenas
619 3129 748 3194 luissent3
774 3136 870 3198 utpote
888 3130 1068 3184 circumiectis
1086 3130 1224 3201 pracsidio
1242 3129 1424 3181 habitationi-

335 3202 388 3255 bus
399 3199 527 3252 incendio
543 3200 703 3268 absumptis,
721 3205 750 3250 ct
761 3199 880 3253 virorum
894 3209 983 3253 aetate
999 3202 1155 3255 florentium
1167 3218 1224 3257 non
1235 3201 1323 3251 minus
1341 3200 1424 3272 quin·

335 3286 390 3340 que
409 3270 532 3322 millibus
554 3270 724 3333 interfectis,
746 3269 857 3322 feminis
878 3286 941 3323 vero
961 3274 1048 3325 multo
1069 3273 1194 3342 pluribus
1215 3280 1243 3323 et
1258 3270 1349 3340 pueris
1373 3269 1423 3321 ad-

334 3338 389 3392 buc
400 3340 541 3407 pluribuss
563 3339 632 3393 adso
649 3348 681 3394 nt
692 3357 787 3409 parum
801 3340 882 3403 absit,
900 3343 968 3413 quin
987 3346 1112 3395 universa
1121 3343 1339 3395 Misimianorum
1359 3357 1424 3409 gens

334 3412 373 3468 sit
385 3412 483 3463 deleta.
517 3412 633 3464 loannes
649 3428 714 3463 vero
731 3410 913 3463 libentissime
928 3415 1063 3483 supplices
1080 3431 1173 3483 preces
1184 3412 1307 3475 admisit,
1326 3413 1424 3478 partim

334 3499 372 3535 ns
388 3480 493 3535 diutius
511 3482 543 3534 in
559 3481 620 3534 loco
639 3482 748 3534 deserto
766 3487 794 3533 et
812 3483 972 3551 praealgido
999 3502 1060 3536 cum
1074 3486 1195 3537 exercitu
1212 3484 1424 3553 periclitaretur,

334 3553 435 3623 partim
457 3553 532 3624 quod
549 3567 642 3604 revera
657 3554 711 3603 iam
733 3554 799 3604 satis
821 3569 977 3619 poenarum,
995 3556 1043 3625 qui
1068 3552 1257 3626 deliquerant,
1276 3553 1425 3607 dedissent.

334 3624 460 3693 Acceptis
479 3626 574 3693 itaque
601 3622 744 3675 obsidibus
764 3624 894 3693 omnique
914 3627 1040 3693 pecunia,
1058 3643 1139 3697 mnam
1156 3622 1312 3677 soterichus
1334 3639 1424 3674 secum

334 3697 477 3758 attulerat,
494 3695 613 3765 aliisque
633 3694 731 3757 rebus,
749 3701 929 3760 etpraeterca
951 3696 1128 3766 Imperatorio
1149 3711 1213 3747 suro
1239 3701 1331 3757 (crant
1358 3709 1422 3743 vero
1516 3724 1517 3735 ι

334 3768 439 3817 nummi
451 3759 552 3835 integri
568 3782 599 3817 nc
612 3764 694 3832 probi
716 3762 751 3815 ad
771 3762 838 3814 duas
856 3764 1005 3833 myriades,
1024 3767 1109 3819 octies
1122 3767 1198 3818 mille
1225 3773 1254 3817 et
1275 3766 1418 3832 octingen-

334 3836 372 3896 ti)
385 3832 438 3898 his,
457 3836 579 3906 inquam,
589 3834 715 3887 omnibus
729 3832 865 3902 acceptis,
884 3836 1023 3907 multaque
1035 3836 1136 3906 praeda
1153 3836 1272 3898 adiecta,
1286 3832 1421 3957 permisit,

335 3912 367 3957 ut
379 3906 517 3975 intrepide
531 3924 621 3959 rursus
643 3923 691 3957 sua
704 3905 833 3969 colerent,
852 3913 881 3958 et
892 3906 1038 3974 pristinum
1054 3906 1164 3959 vivendi
1183 3921 1267 3975 genus
1298 3912 1421 3957 nstanra-

334 3980 402 4027 rent.
437 3975 497 4045 lpse
517 3978 626 4030 veroin
642 3974 797 4027 colchicum
814 3978 952 4045 regionem
968 3986 1010 4028 est
1024 3994 1160 4041 reversus,
1177 3976 1304 4029 inclitum
1318 3974 1421 4048 glorio-

330 4046 448 4117 'sumqus
462 4050 611 4100 exercitum
627 4046 775 4108 reducens,
793 4046 858 4098 solis
880 4046 957 4099 XXX.
977 4049 1043 4101 viris
1063 4047 1231 4100 desideratis.

403 4130 446 4173 aa.
480 4117 543 4168 Post
561 4116 629 4168 baec
651 4118 800 4186 Imperator
826 4116 991 4169 lastinianus
1021 4119 1169 4171 Martinam
1196 4116 1367 4187 praefectura
1392 4114 1420 4163 in

335 4190 491 4243 univsmm
512 4185 666 4249 mbmosit,
682 4188 768 4258 inque
786 4187 843 4239 eius
858 4186 948 4241 locum
961 4187 1096 4248 lustrum
1112 4186 1242 4243 Germani
1258 4181 1348 4241 lilium
1362 4184 1422 4237 sul-
