3109 4950
271 310 350 393 166
723 328 934 393 inimus

117 512 146 565 Α.
166 512 193 565 c.
204 514 254 581 554
266 507 302 569 δέ
319 526 354 589 γε
368 502 423 567 καί
435 502 561 582 μεθεῖεν
575 498 632 564 καί
644 496 893 583 συγχωρήσαιεν,
914 496 986 559 ἀλλ’
998 489 1037 557 ori
1053 492 1187 577 βεβαίαν
1204 496 1281 579 ἡμῖν
1293 493 1351 580 την

164 584 214 645 Ll.
224 590 258 642 ²⁸
266 598 392 669 εόνοιαν
407 603 528 679 ἕξουσιν
535 651 546 681 ,
567 594 708 663 δπουλσν
728 600 763 661 δὲ
786 599 907 677 μᾶλλον
924 593 980 659 καί
993 592 1175 681 σφαλερὰν,
1196 598 1252 659 καί
1268 596 1349 685 μόνη

262 706 302 788 τῇ
321 702 415 788 χρείη
430 698 723 783 συμμετρουμένην.
744 688 879 777 όμικτον
891 692 950 779 γόρ
967 688 1021 757 det
1032 702 1099 767 τοῖς
1115 693 1296 777 ἀνθρώποις
1312 693 1350 758 τό

264 798 483 887 ὲτερόγνωμον,
505 795 561 862 καί
575 787 648 860 orire
669 797 761 871 δέους
784 789 1021 879 προσπεσόντος,
1037 785 1108 857 οὔτε
1127 790 1214 867 τινός
1227 788 1352 877 εόεργε-

263 900 336 976 σίας
358 900 567 983 ἦγησαμένης,
591 893 722 977 μόνιμος
739 895 846 971 αὐτοῖς
866 892 1038 976 ἐγγιγνεται
1061 892 1186 973 πίστις,
1223 891 1304 977 πλὴν
1319 894 1370 961 εἷς

265 998 310 1083 μή
329 1000 384 1063 καί
403 1005 473 1071 ταῖς
488 994 594 1071 δόξαις
615 993 832 1079 όμοφρονσῖεν·
871 991 957 1058 τότε
973 992 1119 1075 συγγενὲς
1133 989 1189 1055 καί
1200 988 1281 1056 ἴδιον
1297 990 1354 1055 κατ’

264 1095 450 1184 ὁμόφυλον,
468 1096 498 1159 εἰ
512 1096 603 1158 τοῦδε
621 1092 792 1174 λειπόμενα
807 1090 951 1173 τόχοιεν,
978 1086 1110 1171 όνόματι
1131 1087 1219 1177 μόνιρ
1233 1087 1289 1174 τὴν
1305 1091 1352 1153 στ’-

263 1195 388 1261 κείωσιν
413 1192 600 1280 ὑποφαίνει,
635 1200 700 1266 τοῖς
720 1194 756 1255 δὲ
782 1187 887 1276 ἔργοις
907 1189 1140 1275 ἀλλοτριοῦται.
1169 1186 1241 1252 ἄντί
1252 1188 1352 1251 ποίων

263 1298 371 1359 τοίνυν
387 1294 538 1376 ιῖγαθιόν,
573 1284 601 1357 τό
621 1282 733 1377 ἄνδρες
752 1286 894 1372 Κόλχοι,
929 1285 1009 1374 πρός
1027 1289 1159 1372 Πέρσας
1175 1286 1351 1371 μεταβησό-

264 1398 362 1474 μεθα,
391 1390 424 1457 εἴ
435 1416 470 1477 γε
492 1394 549 1459 καί
564 1388 608 1468 σός
626 1389 750 1455 ἔσονται
767 1392 947 1470 δυσμενεῖς,
974 1390 1031 1451 καί
1045 1389 1146 1471 μηδὲν
1163 1383 1240 1471 ἧμῑν
1257 1388 1393 1451 πλέοντα

236 1490 355 1558 cimas
371 1494 429 1555 τοῦ
446 1486 612 1578 παρόντος,
632 1484 654 1575 ἢ
672 1488 769 1572 μόνον
784 1486 822 1552 τό
836 1487 914 1576 ῥᾷον
932 1488 1131 1571 βλάπτεσθαι
1143 1483 1223 1573 πρός
1237 1487 1351 1567 oticsis,

265 1585 328 1679 όσηι
347 1592 407 1655 rot
422 1592 588 1675 ἐμφανοῦς
603 1586 638 1653 τό
658 1585 873 1654 διαλανθάνοι
887 1581 1164 1672 ἆφυλακτότερονς
1183 1580 1264 1648 ἄλλό
1280 1581 1352 1669 γὰρ,
1421 1643 1426 1651 ,

265 1690 296 1755 εἰ
311 1692 405 1769 δοκεῖ,
426 1682 693 1772 συγκεχωρήσθω,
716 1677 913 1769 μήτεόδικον
926 1678 1248 1768 εἶναιτοόγχεέρημα,
1271 1680 1352 1766 μήτε

263 1790 322 1853 τοῦ
337 1789 507 1872 πρέποντος
523 1787 738 1871 ἐστερημένον,
762 1784 820 1850 καί
847 1783 1061 1869 όμολογειλτθα
1078 1779 1118 1847 τό
1133 1784 1272 1868 Περσῶν
1286 1774 1351 1866 ἤθη

264 1888 380 1969 βέβαια
402 1880 458 1949 καί
471 1881 568 1949 πιστοὶ
592 1883 648 1949 καί
665 1878 717 1949 οἶα
742 1881 914 1960 διαπαντός
936 1883 1082 1965 ε’μμένειν
1100 1888 1169 1956 ταῖς
1185 1876 1393 1961 ἐσομέναιςῐό

265 1984 451 2067 συνθήκαις.
485 1982 516 2047 εἰ
535 1980 596 2069 γὰρ
619 1980 675 2047 καί
695 1984 799 2047 ταῦτα
825 1985 965 2062 δοθεῖεν,
994 1978 1051 2044 καὶ
1071 1981 1171 2063 μηδὲν
1194 1980 1273 2063 ἡμῖν
1289 1980 1352 2043 τῶν

266 2076 372 2153 ἄλλων
388 2080 535 2163 ἐμποδών
549 2080 650 2163 ἔσται,
671 2077 751 2147 ἄλλό
760 2079 802 2146 τοὶ
812 2084 868 2165 τῆς
884 2078 1047 2163 δυνάμεως
1056 2080 1114 2143 ode
1131 2078 1264 2164 ἀρκέσει
1284 2078 1352 2150 πῶς

266 2179 326 2267 γόρ
353 2176 394 2247 δν
412 2181 696 2268 μεταχωρήσαιμεν
717 2183 771 2268 ἐφ’
787 2176 933 2266 ἑτέρους,
962 2178 1175 2266 ἐφεστηκότων
1193 2177 1271 2263 ἦμῖν
1288 2179 1352 2241 τῶν

262 2281 456 2363 Ῥωμαίων,
486 2278 543 2345 καί
555 2276 640 2345 οὕτω
661 2283 786 2344 πολλῶν
804 2279 860 2343 καί
878 2274 1106 2364 ἀνδρειοτάτων
1122 2278 1178 2340 καί
1194 2272 1257 2339 dud
1273 2299 1351 2360 κρα-

234 2378 381 2455 Ιλτίστοις
396 2389 578 2466 στρατηγοῖς
592 2382 800 2461 ταττομένων,
821 2381 887 2454 πῶς
898 2380 933 2443 δέ
943 2380 999 2443 καί
1007 2370 1074 2442 οἷόν
1086 2400 1121 2442 τε
1135 2373 1180 2461 μὴ
1193 2375 1270 2459 origi
1283 2389 1396 2438 nor-2⁰

339 2542 360 2578 s.
379 2525 428 2576 καλ
446 2531 511 2576 ante
530 2526 649 2594 μεθεῖεν
666 2521 727 2578 add.
749 2540 783 2574 ex
800 2524 830 2572 R.
849 2529 878 2573 et
895 2523 981 2590 lntpr.
998 2522 1053 2576 vel.
1104 2525 1129 2576 3.
1150 2520 1200 2573 Pro
1217 2505 1277 2592 γδρ
1294 2520 1352 2574 Par.

338 2595 406 2646 καὶ.
479 2611 519 2647 ro.
537 2593 627 2646 πλέον
645 2592 725 2644 ἔσται
745 2595 774 2644 R.
784 2631 793 2657 ,
811 2592 892 2644 ἔσται
909 2593 1000 2647 πλέον
1018 2591 1090 2660 vulg.
1148 2594 1185 2646 13.
1205 2602 1353 2659 συγκεχω-

338 2662 436 2732 ρήσθω
454 2663 484 2716 R.
501 2663 576 2734 (CL),
595 2667 834 2734 συγκεχωρείσθω
853 2661 925 2732 vulg.
995 2680 1037 2716 uo.
1054 2663 1237 2732 τεταγμένων
1252 2663 1284 2718 R.

269 2816 339 2886 esse)
355 2815 475 2868 Persiam
491 2813 572 2868 nobis
593 2815 813 2880 adiunxerimus,
842 2815 998 2870 animarum
1021 2831 1086 2868 vero
1105 2815 1235 2871 iacturam
1253 2814 1352 2864 feceri-

268 2884 346 2938 mus?
381 2883 464 2955 Quod
481 2888 505 2939 si
522 2902 586 2937 vero
605 2887 784 2956 permiserint
802 2894 831 2940 et
847 2888 1049 2949 concesserint,
1067 2886 1143 2937 firma
1155 2893 1247 2936 tumen
1264 2883 1353 2934 bene-

267 2956 388 3008 volentia
405 2971 455 3006 nos
473 2972 644 3028 nequaqnam
661 2964 878 3028 prosequentur,
903 2956 989 3007 infida
1004 2972 1068 3008 vero
1087 2964 1116 3007 et
1133 2955 1232 3018 dubia,
1256 2971 1353 3024 qnam-

269 3043 322 3096 que
341 3027 398 3076 sola
417 3025 538 3078 utilitate
561 3028 715 3078 metiantur.
752 3027 848 3098 Neque
874 3027 949 3078 enim
974 3026 1047 3078 inter
1077 3042 1135 3088 eos,
1164 3027 1213 3098 qui
1240 3024 1354 3076 diversis

268 3095 447 3164 opinionibus
467 3105 530 3148 sunt
541 3097 651 3159 imbuti,
670 3097 785 3149 societas
805 3105 928 3150 constare
967 3104 1048 3162 otest,
1066 3104 1095 3148 et
1107 3111 1198 3166 neque
1212 3093 1355 3147 incidente

268 3173 352 3228 metu,
374 3175 422 3218 aut
439 3166 575 3219 beneficio
593 3166 670 3219 nullo
688 3169 900 3231 interveniente,
918 3168 936 3218 fi
957 3183 986 3218 es
1003 3166 1071 3235 ipsis
1089 3174 1214 3217 constans
1232 3174 1261 3216 et
1277 3165 1356 3216 firma

267 3245 417 3306 permanet,
435 3237 489 3288 uisi
508 3238 592 3289 etiam
610 3237 772 3306 opinionum
790 3254 937 3291 consensus
958 3236 1076 3287 accedat
1108 3237 1184 3305 Quin
1195 3245 1224 3288 et
1235 3236 1354 3304 cognati,

268 3306 358 3360 affines
385 3313 414 3357 et
431 3307 618 3373 contribules,
638 3310 661 3358 si
679 3308 731 3360 hac
751 3310 902 3360 animorum
921 3307 1137 3377 opinionumque
1161 3306 1354 3373 convenientia

268 3377 468 3439 destituantur,
495 3380 606 3429 nomine
625 3378 683 3429 soio
703 3381 852 3430 amicitiam
875 3394 941 3448 prae
967 3391 996 3428 se
1020 3377 1127 3439 serunt,
1156 3393 1185 3428 re
1207 3392 1272 3427 vero
1294 3377 1355 3444 ipsa

267 3455 332 3502 sunt
350 3445 517 3498 alienissimi.
556 3448 639 3500 Cuius
659 3450 751 3520 itaque
770 3449 839 3500 boni
857 3466 916 3519 spe,
933 3465 950 3499 o
972 3446 1086 3509 Colchi,
1104 3446 1139 3498 ad
1156 3449 1247 3498 Persas
1265 3447 1356 3498 desci-

268 3533 381 3580 scemus,
399 3516 422 3567 si
442 3519 525 3568 etiam
541 3520 580 3569 ita
599 3519 681 3570 nobis
701 3521 787 3572 futuri
806 3527 870 3570 sunt
886 3518 989 3580 hostes,
1006 3534 1041 3569 ne
1081 3534 1096 3568 e
1111 3517 1218 3586 aliquid
1236 3518 1355 3585 amplius

261 3590 297 3642 in
314 3588 529 3656 praesentiarum
550 3587 615 3639 inde
635 3587 716 3640 nobis
735 3589 863 3651 accedet,
888 3605 1044 3659 quamquo
1082 3595 1161 3638 tanto
1185 3587 1294 3638 facilins
1318 3569 1367 3638 ab*

268 3658 323 3708 illis
343 3658 415 3710 laedi
430 3659 598 3727 poterimus,
618 3667 720 3728 quanto
737 3659 873 3711 difficilius
891 3659 926 3710 ab
944 3658 1051 3710 occulto
1065 3674 1146 3727 quam
1161 3665 1256 3725 aperto
1274 3656 1356 3709 horte

267 3726 349 3782 nobis
363 3745 456 3780 cavere
471 3729 632 3797 possumus?
666 3727 759 3798 Atqui,
779 3731 802 3780 si
820 3730 943 3792 videtur,
964 3727 1059 3779 demus
1087 3729 1126 3780 ita
1150 3744 1225 3791 esse,
1253 3728 1356 3778 sactum

267 3797 357 3866 ipsum
376 3815 467 3868 neque
483 3815 543 3850 cum
558 3799 696 3868 aequitate
709 3815 802 3870 neque
817 3817 879 3851 cum
902 3798 1018 3851 honesto
1035 3809 1171 3867 pugnare,
1198 3806 1227 3848 et
1250 3805 1357 3849 statua·

266 3883 326 3918 mus
342 3868 480 3920 Persarum
494 3885 583 3922 mores
595 3876 747 3920 constantes
759 3885 818 3920 esse
833 3887 865 3921 ac
878 3868 965 3933 fidos,
984 3867 1115 3939 qnodque
1132 3877 1265 3938 perpetuo
1274 3875 1356 3936 pacta

266 3946 454 4008 conventoque
480 3942 536 3992 sint
559 3939 737 3992 observaturi.
773 3941 810 3990 Ut
830 3941 904 3992 enim
918 3939 999 3991 etiam
1010 3938 1079 3990 baec
1100 3937 1200 3990 dentur
1225 3937 1356 4007 nihilque

265 4005 343 4058 aliud
359 4007 439 4060 nobis
459 4009 648 4079 impedimenti
670 4011 707 4061 sit
717 4009 870 4080 reliquum,
886 4017 915 4062 at
926 4009 997 4062 vires
1009 4016 1119 4060 nostrae
1131 4026 1188 4061 non
1210 4007 1353 4060 sufficient

266 4075 330 4147 Quo
354 4083 434 4144 pacto
454 4081 528 4132 enim
547 4079 582 4132 ad
598 4081 665 4133 alios
689 4089 873 4144 transeamus,
891 4096 953 4131 cum
964 4078 1046 4131 nobis
1058 4080 1171 4131 Romani
1182 4079 1355 4139 immineant,

267 4146 420 4216 etquidem
444 4147 512 4200 adeo
534 4151 614 4202 multi
647 4168 678 4202 ac
698 4151 855 4212 fortissimi,
880 4151 984 4222 quique
1006 4149 1256 4219 praestantissimos
1277 4148 1354 4200 nacti

268 4225 332 4278 sunt
345 4213 448 4278 duces?
466 4217 528 4296 Quo
546 4227 703 4301 portavero
720 4223 803 4286 etiam
825 4222 884 4276 fieri
907 4222 1008 4303 possit,
1031 4227 1064 4272 ut
1085 4235 1140 4280 son
1158 4220 1354 4282 atrocissimus
