3109 4950
334 317 420 426 344
648 349 683 411 a.
713 345 909 413 uncina
940 347 1077 413 noras
1119 312 1122 323 ’

333 502 383 566 lta
403 491 530 565 veteres
542 499 677 585 glossaes
701 497 862 596 Διφθίρα,
883 494 920 560 τὸ
939 498 1079 580 βιβλίον;
1100 498 1339 577 membranum,
1360 521 1416 562 co·

333 587 406 650 dex.
429 581 623 652 Continsbat
632 601 708 644 vero
721 583 775 646 luc
784 584 888 646 codex
902 603 1026 658 corum,
1041 582 1100 679 qui
1112 592 1176 644 tam
1195 584 1309 646 civiles
1318 593 1418 664 quam

334 668 488 730 militares
503 666 674 746 dignitates
685 666 959 744 administrabant,
974 687 1114 743 nomina,
1134 687 1255 748 genus,
1277 667 1419 748 insignia

336 761 368 818 et
385 748 560 833 stipendia,
583 771 656 810 cum
674 749 872 832 magistratus
891 749 1049 811 codicillis
1070 758 1103 814 et
1118 748 1303 832 principum
1325 770 1419 809 man-

335 833 427 897 datis.
470 836 504 894 Is
520 831 623 914 codas
640 841 749 914 postea
765 832 915 893 laterculi
938 832 1068 892 nomina
1085 840 1133 904 est
1156 833 1357 914 appellatns3
1385 839 1422 890 nt

334 923 368 988 et
381 914 549 978 cedrenus
570 911 712 978 πλονθιλον
726 925 820 976 vocat
838 937 857 975 a
872 914 1083 976 similitudine
1098 913 1249 992 videlicet
1265 924 1298 976 et
1315 916 1423 974 forma

333 998 443 1062 lateris
462 997 555 1065 cocti.
579 997 852 1080 quemadmodum
866 1007 900 1060 et
914 996 992 1059 olim
1007 997 1180 1080 pugillares
1198 1020 1217 1058 a
1229 994 1425 1080 triangulari

334 1083 439 1144 forma
452 1081 493 1142 ad
509 1081 720 1142 imitationem
735 1081 847 1142 literae
861 1082 901 1157 Δ,
918 1078 1028 1142 Δέλτοι
1042 1089 1076 1140 et
1092 1074 1230 1142 dalenard
1242 1078 1356 1158 βιβλία
1369 1080 1422 1139 di-

336 1173 386 1226 eta
403 1165 545 1225 fuerunt.
587 1163 671 1225 Huic
696 1183 774 1226 varo
797 1164 904 1226 ecdici
924 1163 1074 1224 laterculi
1089 1181 1215 1224 ,nomen
1232 1163 1293 1225 sub
1313 1163 1420 1224 Anto·

333 1244 421 1310 uinis
440 1246 580 1309 inditum
595 1247 669 1308 fuir.
708 1245 1176 1327 Tertutisnussnin,.qai.ea
1201 1253 1304 1308 natata
1322 1244 1421 1321 vixit,

336 1337 435 1411 agens
453 1327 606 1392 adversus
620 1329 878 1405 Valentinianos,
892 1327 950 1390 uhi
967 1328 1110 1411 loquitur
1125 1328 1168 1390 dc
1185 1328 1355 1390 animabus
1365 1349 1424 1386 na·
1492 1398 1493 1403 η

337 1422 409 1474 tura
428 1411 541 1490 honis,
568 1432 647 1495 quas
662 1411 858 1474 Valentinus
873 1411 981 1477 beatas
1001 1431 1071 1473 esse
1091 1411 1263 1473 statuebat:
1292 1409 1353 1470 Ex
1373 1431 1423 1470 ea·

337 1513 425 1571 rum,
447 1495 574 1577 inquit,
597 1494 750 1558 Ιοῐενοιιίο
772 1508 802 1556 et
821 1497 856 1555 in
876 1516 963 1575 reges
981 1496 1068 1556 etin
1087 1493 1268 1556 sacerdotes
1282 1494 1423 1572 allegare

337 1592 551 1644 consueverat.
592 1579 669 1640 Erat
687 1599 763 1640 vero
784 1579 975 1639 laterculum
994 1577 1063 1639 siva
1082 1578 1187 1641 codex
1203 1577 1279 1654 ille,¹
1292 1577 1334 1638 de
1358 1596 1425 1655 quo

338 1660 494 1738 diximus,
516 1659 568 1722 rel
597 1660 856 1723 membranaceus
882 1662 936 1722 vel
954 1660 1149 1721 membrana.
1167 1659 1322 1720 obtectus.
1379 1660 1425 1718 its

337 1743 496 1826 Hispani,
517 1744 603 1826 apud
619 1763 700 1826 quoa
718 1744 817 1806 hodie
837 1744 938 1804 multa
957 1751 1085 1806 exeunt
1102 1741 1303 1824 antiquitatis
1323 1741 1425 1803 vesti·

339 1826 390 1906 gia
414 1835 449 1886 et·
463 1828 627 1908 praeclara
647 1837 867 1906 monumenta,
888 1827 1034 1889 codicem
1060 1825 1318 1901 vetustissimum,
1336 1824 1426 1884 unde

331 1903 391 1968 'itti
418 1909 613 1969 familiarum
635 1929 710 1972 suae
730 1911 836 1992 gentis
861 1909 1064 1992 genealogias
1090 1915 1224 1992 petunt,
1252 1905 1425 1968 vocantEl

339 1989 495 2052 libro‘del
524 1992 672 2059 Beaerro.
700 1993 790 2074 quod
815 1993 900 2054 idem
925 2002 1094 2074 astatque
1117 1989 1257 2072 διφθέρα
1277 1991 1348 2053 sire
1371 2011 1427 2051 co·

338 2074 401 2134 dex
416 2073 684 2141 membranaceus.
721 2077 821 2138 Recte
834 2083 940 2135 autem
957 2073 1198 2157 Etymologicus
1216 2076 1364 2136 Graecus
1381 2071 1427 2132 da-

339 2154 466 2238 φθίραν
504 2157 733 2240 interpretatur
773 2163 1003 2239 γραμματεῖον,
1034 2145 1056 2236 ἢ
1083 2154 1206 2233 βιβλίον
1231 2146 1262 2235 'l
1293 2153 1428 2234 βύρσαν.

338 2237 486 2300 Putidam
509 2258 606 2318 vero,
629 2242 720 2302 utin
744 2240 815 2302 aliis
840 2239 952 2300 multis
975 2239 1164 2335 vocabulis,
1199 2238 1428 2322 etymologiam

339 2322 461 2400 adfert,
484 2322 602 2384 dictam
626 2317 786 2406 διφθέραν
814 2322 904 2404 quasi
932 2322 1110 2404 διαφέρον,
1130 2343 1189 2403 την
1218 2323 1339 2394 ἐντοῖς
1370 2315 1427 2379 δίο

338 2403 448 2485 μέρεσι
468 2403 628 2489 φέρουσαν
637 2399 821 2489 γράμματα.
862 2402 1194 2483 Ιίη.4ο.[ιο6,8.]τῶν
1211 2394 1352 2486 Ὀλόρου.
1364 2405 1428 2462 An·

290 2560 295 2569 .
339 2488 464 2549 notavit
487 2488 574 2551 hunc
588 2492 695 2551 locum
711 2490 790 2551 olim
808 2489 988 2549 Hadrianus
1011 2490 1123 2550 lunius
1141 2487 1196 2547 lib.
1213 2488 1430 2548 Animadver-

338 2590 445 2631 aorum
463 2572 576 2652 primo,
594 2572 648 2632 ubi
664 2573 778 2632 merito
794 2570 889 2631 nimis
901 2573 999 2651 quani
1014 2571 1187 2632 ridiculam
1201 2570 1432 2653 christophori

336 2652 497 2713 Personae
514 2656 693 2715 versionem
707 2654 856 2735 exagitat.
873 2654 914 2713 Et
931 2665 1019 2713 recte
1036 2664 1133 2733 ¹caput
1146 2653 1228 2714 illud
1245 2653 1336 2713 hisce
1354 2674 1431 2715 rer·

336 2734 385 2794 llis
407 2735 544 2795 claudit:
566 2738 643 2797 libri
656 2736 920 2797 materiam-nasci
932 2738 1014 2814 mihi]
1021 2736 1130 2809 uideo,
1151 2739 1180 2795 si
1192 2750 1330 2812 cunetas,
1348 2756 1431 2816 quae

337 2817 371 2875 in
386 2836 423 2873 eo
440 2818 569 2879 authore
585 2818 695 2889 latent,
708 2817 838 2878 mendas
853 2836 966 2878 sanare
980 2820 1034 2879 vel
1044 2820 1156 2879 saltem
1168 2819 1260 2879 stibio
1276 2817 1432 2880 inducere

336 2896 451 2957 uelim:
473 2899 564 2958 cuius
584 2900 646 2959 viri
664 2898 728 2960 hoc
751 2901 824 2962 loeo
840 2899 1065 2963 authoritatem
1082 2902 1292 2984 interponere
1311 2901 1432 2977 libuit,

337 2986 375 3038 ut
393 2977 577 3062 intelligant
592 2980 743 3044 malevoli
758 2984 887 3065 quidam
903 2982 1053 3045 homines
1071 2993 1105 3045 et
1120 2984 1217 3045 alieni
1231 2983 1359 3045 laboris
1371 2984 1434 3045 ob·

336 3066 523 3124 tractatores
543 3063 755 3145 iniquissimi,
772 3088 869 3147 quam
882 3087 994 3147 parum
1014 3067 1117 3127 huius·
1130 3067 1315 3148 interpretis
1333 3066 1436 3126 versi·

338 3164 400 3204 one
418 3146 542 3215 adiutus
558 3148 685 3223 fuerim,
727 3150 783 3214 lin.
796 3147 944 3231 5o[t.16.]
952 3142 1170 3231 τὰοῖκραιφνὲς
1185 3148 1280 3209 ἐκεῖνο
1290 3148 1359 3209 τῶν
1370 3171 1436 3208 rra-

336 3224 435 3286 λαιιόν
455 3222 614 3305 ὀνομάτων
631 3228 821 3313 ἐλευθέριον.
843 3231 942 3291 Hadr.
962 3232 1076 3293 Iunius
1093 3232 1148 3296 lib.
1165 3241 1196 3291 et
1209 3232 1314 3312 capite
1328 3234 1435 3291 modo

335 3308 439 3369 citatis
456 3310 545 3371 hunc
570 3312 679 3386 locum
698 3314 742 3373 ita
757 3314 872 3374 vertit:
894 3315 1052 3397 quienim
1060 3314 1147 3399 fieri
1164 3317 1276 3397 potuit,
1295 3327 1329 3373 ut
1345 3336 1438 3396 pura

335 3391 392 3450 illa
413 3406 555 3455 ueterum
573 3398 733 3457 nominum
750 3397 906 3469 libertas,
932 3418 1029 3479 quae,
1053 3399 1178 3471 (omitto
1203 3416 1309 3457 rerum
1331 3409 1439 3456 natu-

329 3482 433 3547 ram)
450 3480 646 3560 cumprimis
663 3478 864 3562 estproficua
882 3491 912 3539 et
921 3494 1112 3563 opportuna,
1130 3482 1163 3539 in
1173 3481 1290 3559 agresti
1304 3490 1334 3539 et
1353 3481 1439 3541 bar-

335 3555 539 3638 barolingus
565 3563 794 3621 conservetur?
815 3563 954 3623 alienius
979 3564 1077 3643 paulo
1093 3584 1200 3622 cuma
1222 3572 1329 3622 mente
1349 3564 1440 3643 Aga·

335 3634 439 3715 thiae,
452 3649 530 3701 'tum
547 3662 659 3702 veroa
682 3643 876 3725 proprietate
898 3666 1013 3706 vocum
1035 3646 1317 3707 Graecanicsrum.
1361 3643 1440 3724 Ego

335 3720 435 3780 malui
448 3726 591 3786 vedere:
612 3728 668 3807 qui
685 3726 857 3808 enimfieri
874 3740 1012 3809 poterat,
1029 3741 1063 3788 ut
1073 3730 1197 3812 puritas
1213 3727 1270 3787 itta
1284 3738 1441 3786 ueterum

336 3806 495 3867 nonn'num
519 3820 550 3868 et
571 3810 683 3868 nativa
709 3810 834 3887 gratia,
857 3822 888 3869 et
911 3823 1097 3892 praeterea,
1126 3808 1299 3882 (namhoc
1317 3820 1374 3871 est
1396 3802 1438 3869 τὸ

250 3879 423 3964 Ρν18ἶλ7ῑθός
436 3908 484 3963 γε,
505 3884 670 3952 familiaris
684 3891 855 3951 admodum
866 3892 1018 3975 Agathiae
1028 3889 1166 3975 phrasis)
1175 3911 1279 3953 rarum
1286 3894 1444 3981 ipsarum

344 3978 475 4027 naturae
486 3993 658 4051 congruens
665 4018 678 4047 ,
701 3973 855 4056 valdeque
876 3976 1132 4048 accommodata,
1151 3972 1190 4035 ni
1211 3976 1338 4053 agresti:
1354 3994 1441 4056 qua-

339 4047 412 4107 dam
434 4052 806 4137 ineptissimaquelingua
824 4062 1082 4121 conservaretur?
1097 4058 1133 4120 τὸ
1152 4057 1443 4138 ἐλουθέριονεοίω

334 4129 664 4231 sisas'tsatspdrqaa
681 4140 897 4223 interpretor,
911 4162 986 4202 non
1003 4142 1203 4223 libertatern,
1226 4141 1284 4212 sed
1302 4134 1375 4221 ssia}
1388 4135 1443 4219 μὴ

336 4235 416 4279 κατα
449 4212 793 4301 κιβδήλειαν.«χιίριιαε.
822 4223 886 4287 hoc
907 4226 1136 4302 estuatiaaas
1160 4224 1349 4305 musimeque
1370 4221 1446 4305 sa-
