<?xml version="1.0" encoding="UTF-8"?>
<!DOCTYPE html PUBLIC "-//W3C//DTD XHTML 1.0 Transitional//EN"
    "http://www.w3.org/TR/xhtml1/DTD/xhtml1-transitional.dtd">
<html xmlns="http://www.w3.org/1999/xhtml" xml:lang="en" lang="en">
 <head>
  <title>
</title>
<meta http-equiv="Content-Type" content="text/html;charset=utf-8" />
  <meta name='ocr-system' content='tesseract 3.04.00' />
  <meta name='ocr-capabilities' content='ocr_page ocr_carea ocr_par ocr_line ocrx_word'/>
</head>
<body>
  <div class='ocr_page' id='page_1' title='image "./corpusscriptoru31theogoog/corpusscriptoru31theogoog_0185.png"; bbox 0 0 3109 4950; ppageno 0'>
   <div class='ocr_carea' id='block_1_1' title="bbox 516 268 1257 397">
    <p class='ocr_par' dir='ltr' id='par_1_1' title="bbox 516 268 1257 397">
     <span class='ocr_line' id='line_1_1' title="bbox 516 268 1257 397; baseline -0.011 -10"><span class='ocrx_word' id='word_1_1' title='bbox 516 269 796 397; x_wconf 76' lang='grc' dir='ltr'><strong><em>ιιιέιοιιικιιοιι</em></strong></span> <span class='ocrx_word' id='word_1_2' title='bbox 826 326 869 387; x_wconf 92' lang='grc' dir='ltr'><strong>ιι.</strong></span> <span class='ocrx_word' id='word_1_3' title='bbox 899 330 950 395; x_wconf 74' lang='lat'><strong>25.</strong></span> <span class='ocrx_word' id='word_1_4' title='bbox 1184 268 1257 381; x_wconf 75' lang='lat' dir='ltr'><strong>aar</strong></span> 
     </span>
    </p>
   </div>
   <div class='ocr_carea' id='block_1_2' title="bbox 88 458 1393 2350">
    <p class='ocr_par' dir='ltr' id='par_1_2' title="bbox 143 458 1393 858">
     <span class='ocr_line' id='line_1_2' title="bbox 143 458 1393 563; baseline -0.001 -19"><span class='ocrx_word' id='word_1_5' title='bbox 143 500 146 506; x_wconf 86' lang='grc'><strong>’</strong></span> <span class='ocrx_word' id='word_1_6' title='bbox 189 479 340 563; x_wconf 66' lang='grc' dir='ltr'><strong><em>μετέθηκε</em></strong></span> <span class='ocrx_word' id='word_1_7' title='bbox 354 472 525 543; x_wconf 66' lang='lat' dir='ltr'><strong>aasentias.</strong></span> <span class='ocrx_word' id='word_1_8' title='bbox 552 458 635 539; x_wconf 81' lang='grc' dir='ltr'><strong><em>νότον</em></strong></span> <span class='ocrx_word' id='word_1_9' title='bbox 656 473 716 559; x_wconf 83' lang='grc' dir='ltr'><strong>γάρ</strong></span> <span class='ocrx_word' id='word_1_10' title='bbox 733 465 771 561; x_wconf 79' lang='grc' dir='ltr'><strong><em>ἦν</em></strong></span> <span class='ocrx_word' id='word_1_11' title='bbox 790 473 1000 559; x_wconf 55' lang='lat' dir='ltr'><strong>aequieveris</strong></span> <span class='ocrx_word' id='word_1_12' title='bbox 1015 474 1049 549; x_wconf 84' lang='grc' dir='ltr'><strong>ές</strong></span> <span class='ocrx_word' id='word_1_13' title='bbox 1063 474 1102 541; x_wconf 82' lang='grc' dir='ltr'><strong>τά</strong></span> <span class='ocrx_word' id='word_1_14' title='bbox 1115 476 1293 556; x_wconf 65' lang='grc' dir='ltr'><strong><em>μέλισσαι.</em></strong></span> <span class='ocrx_word' id='word_1_15' title='bbox 1303 486 1393 555; x_wconf 64' lang='grc' dir='ltr'><strong>Μελ</strong></span> 
     </span>
     <span class='ocr_line' id='line_1_3' title="bbox 189 560 1377 662; baseline 0.001 -21"><span class='ocrx_word' id='word_1_16' title='bbox 189 578 254 653; x_wconf 64' lang='grc' dir='ltr'><strong>κσιέ4</strong></span> <span class='ocrx_word' id='word_1_17' title='bbox 268 573 496 659; x_wconf 78' lang='grc' dir='ltr'><strong><em>α’μαχοότατος,</em></strong></span> <span class='ocrx_word' id='word_1_18' title='bbox 532 570 592 655; x_wconf 79' lang='grc' dir='ltr'><strong><em>τός,</em></strong></span> <span class='ocrx_word' id='word_1_19' title='bbox 619 572 727 660; x_wconf 66' lang='grc' dir='ltr'><strong><em>ἐπειδὴ</em></strong></span> <span class='ocrx_word' id='word_1_20' title='bbox 749 572 845 639; x_wconf 80' lang='grc' dir='ltr'><strong><em>αι’πδν</em></strong></span> <span class='ocrx_word' id='word_1_21' title='bbox 865 575 919 639; x_wconf 72' lang='grc' dir='ltr'><strong>καὶ</strong></span> <span class='ocrx_word' id='word_1_22' title='bbox 940 568 1115 656; x_wconf 78' lang='grc' dir='ltr'><strong><em>άποβιοόναι</em></strong></span> <span class='ocrx_word' id='word_1_23' title='bbox 1141 562 1324 662; x_wconf 51' lang='lat' dir='ltr'><strong>§reddum</strong></span> <span class='ocrx_word' id='word_1_24' title='bbox 1342 560 1377 613; x_wconf 74' lang='lat'><strong>²⁸</strong></span> 
     </span>
     <span class='ocr_line' id='line_1_4' title="bbox 189 663 1289 760; baseline -0.002 -19"><span class='ocrx_word' id='word_1_25' title='bbox 189 674 276 760; x_wconf 76' lang='grc' dir='ltr'><strong><em>ὅμως</em></strong></span> <span class='ocrx_word' id='word_1_26' title='bbox 293 670 366 751; x_wconf 84' lang='grc' dir='ltr'><strong><em>τοός</em></strong></span> <span class='ocrx_word' id='word_1_27' title='bbox 386 675 507 739; x_wconf 82' lang='grc' dir='ltr'><strong><em>ἐκείνου</em></strong></span> <span class='ocrx_word' id='word_1_28' title='bbox 523 672 703 756; x_wconf 72' lang='grc' dir='ltr'><strong><em>διαδόχους,</em></strong></span> <span class='ocrx_word' id='word_1_29' title='bbox 725 670 914 748; x_wconf 76' lang='grc' dir='ltr'><strong><em>Μακεδόνας</em></strong></span> <span class='ocrx_word' id='word_1_30' title='bbox 923 696 959 757; x_wconf 84' lang='grc' dir='ltr'><strong>γε</strong></span> <span class='ocrx_word' id='word_1_31' title='bbox 975 663 1079 756; x_wconf 75' lang='grc' dir='ltr'><strong><em>ὄντας,</em></strong></span> <span class='ocrx_word' id='word_1_32' title='bbox 1099 683 1289 757; x_wconf 71' lang='grc' dir='ltr'><strong><em>κατασχιῖνς</em></strong></span> 
     </span>
     <span class='ocr_line' id='line_1_5' title="bbox 189 768 1268 858; baseline -0.003 -17"><span class='ocrx_word' id='word_1_33' title='bbox 189 778 383 841; x_wconf 80' lang='grc' dir='ltr'><strong><em>ἕπιτιλεῖστον</em></strong></span> <span class='ocrx_word' id='word_1_34' title='bbox 402 775 458 857; x_wconf 84' lang='grc' dir='ltr'><strong>τῆς</strong></span> <span class='ocrx_word' id='word_1_35' title='bbox 483 768 661 858; x_wconf 72' lang='grc' dir='ltr'><strong><em>ἀλλοδαπῆς</em></strong></span> <span class='ocrx_word' id='word_1_36' title='bbox 681 774 736 837; x_wconf 86' lang='grc' dir='ltr'><strong><em>καί</em></strong></span> <span class='ocrx_word' id='word_1_37' title='bbox 760 770 883 848; x_wconf 79' lang='grc' dir='ltr'><strong><em>ὀθνείοις</em></strong></span> <span class='ocrx_word' id='word_1_38' title='bbox 889 822 901 852; x_wconf 95' lang='grc'><strong><em>,</em></strong></span> <span class='ocrx_word' id='word_1_39' title='bbox 938 774 992 837; x_wconf 71' lang='grc' dir='ltr'><strong><em>κατ’</em></strong></span> <span class='ocrx_word' id='word_1_40' title='bbox 1005 774 1059 840; x_wconf 81' lang='grc' dir='ltr'><strong>ἐπέ</strong></span> <span class='ocrx_word' id='word_1_41' title='bbox 1075 774 1157 857; x_wconf 80' lang='grc' dir='ltr'><strong><em>μέγα</em></strong></span> <span class='ocrx_word' id='word_1_42' title='bbox 1171 770 1268 838; x_wconf 88' lang='grc' dir='ltr'><strong><em>δυνά-</em></strong></span> 
     </span>
    </p>

    <p class='ocr_par' dir='ltr' id='par_1_3' title="bbox 88 860 1366 2350">
     <span class='ocr_line' id='line_1_6' title="bbox 169 860 1268 959; baseline -0.001 -22"><span class='ocrx_word' id='word_1_43' title='bbox 169 868 273 955; x_wconf 78' lang='grc' dir='ltr'><strong><em>5μεοις</em></strong></span> <span class='ocrx_word' id='word_1_44' title='bbox 292 873 476 959; x_wconf 67' lang='grc' dir='ltr'><strong><em>ἀφικέσθαι.</em></strong></span> <span class='ocrx_word' id='word_1_45' title='bbox 495 869 551 936; x_wconf 79' lang='grc' dir='ltr'><strong>καὶ</strong></span> <span class='ocrx_word' id='word_1_46' title='bbox 564 867 653 953; x_wconf 84' lang='grc' dir='ltr'><strong><em>οἶμαι</em></strong></span> <span class='ocrx_word' id='word_1_47' title='bbox 668 860 747 957; x_wconf 80' lang='grc' dir='ltr'><strong><em>άχρι</em></strong></span> <span class='ocrx_word' id='word_1_48' title='bbox 763 870 818 935; x_wconf 72' lang='grc' dir='ltr'><strong><em>κατ’</em></strong></span> <span class='ocrx_word' id='word_1_49' title='bbox 836 873 870 946; x_wconf 87' lang='grc' dir='ltr'><strong>ές</strong></span> <span class='ocrx_word' id='word_1_50' title='bbox 883 866 956 935; x_wconf 81' lang='grc' dir='ltr'><strong><em>τόδε</em></strong></span> <span class='ocrx_word' id='word_1_51' title='bbox 971 873 1027 936; x_wconf 75' lang='lat' dir='ltr'><strong>rod</strong></span> <span class='ocrx_word' id='word_1_52' title='bbox 1039 872 1151 955; x_wconf 88' lang='grc' dir='ltr'><strong><em>καιροῦ</em></strong></span> <span class='ocrx_word' id='word_1_53' title='bbox 1167 865 1268 956; x_wconf 79' lang='grc' dir='ltr'><strong><em>ἦρχον</em></strong></span> 
     </span>
     <span class='ocr_line' id='line_1_7' title="bbox 189 967 1267 1059; baseline -0.002 -22"><span class='ocrx_word' id='word_1_54' title='bbox 189 967 229 1039; x_wconf 82' lang='grc' dir='ltr'><strong><em>δν</em></strong></span> <span class='ocrx_word' id='word_1_55' title='bbox 246 971 300 1039; x_wconf 68' lang='lat' dir='ltr'><strong>aaa*</strong></span> <span class='ocrx_word' id='word_1_56' title='bbox 318 970 509 1058; x_wconf 78' lang='grc' dir='ltr'><strong><em>ἐπεκράτουν</em></strong></span> <span class='ocrx_word' id='word_1_57' title='bbox 519 1020 530 1053; x_wconf 89' lang='grc'><strong><em>,</em></strong></span> <span class='ocrx_word' id='word_1_58' title='bbox 550 974 588 1059; x_wconf 78' lang='grc' dir='ltr'><strong>τῇ</strong></span> <span class='ocrx_word' id='word_1_59' title='bbox 607 974 662 1037; x_wconf 71' lang='lat' dir='ltr'><strong>aab</strong></span> <span class='ocrx_word' id='word_1_60' title='bbox 678 972 813 1035; x_wconf 78' lang='grc' dir='ltr'><strong><em>οἰκιστοῦ</em></strong></span> <span class='ocrx_word' id='word_1_61' title='bbox 827 968 1050 1055; x_wconf 81' lang='grc' dir='ltr'><strong><em>κρατυνόμενοι</em></strong></span> <span class='ocrx_word' id='word_1_62' title='bbox 1068 968 1157 1056; x_wconf 72' lang='grc' dir='ltr'><strong><em>δόξῃ,</em></strong></span> <span class='ocrx_word' id='word_1_63' title='bbox 1178 972 1209 1035; x_wconf 77' lang='grc' dir='ltr'><strong>εἰ</strong></span> <span class='ocrx_word' id='word_1_64' title='bbox 1221 970 1267 1055; x_wconf 77' lang='grc' dir='ltr'><strong>μὴ</strong></span> 
     </span>
     <span class='ocr_line' id='line_1_8' title="bbox 191 1064 1270 1155; baseline -0.006 -16"><span class='ocrx_word' id='word_1_65' title='bbox 191 1076 224 1148; x_wconf 83' lang='grc' dir='ltr'><strong>ἒς</strong></span> <span class='ocrx_word' id='word_1_66' title='bbox 243 1066 394 1155; x_wconf 69' lang='grc' dir='ltr'><strong><em>ἀλλήλους</em></strong></span> <span class='ocrx_word' id='word_1_67' title='bbox 412 1068 648 1151; x_wconf 82' lang='grc' dir='ltr'><strong><em>στασιάσαντες,</em></strong></span> <span class='ocrx_word' id='word_1_68' title='bbox 667 1074 722 1135; x_wconf 76' lang='grc' dir='ltr'><strong><em>κατ’</em></strong></span> <span class='ocrx_word' id='word_1_69' title='bbox 734 1066 826 1151; x_wconf 72' lang='grc' dir='ltr'><strong><em>θαμά</em></strong></span> <span class='ocrx_word' id='word_1_70' title='bbox 843 1070 968 1134; x_wconf 79' lang='grc' dir='ltr'><strong><em>κατότι</em></strong></span> <span class='ocrx_word' id='word_1_71' title='bbox 985 1072 1075 1155; x_wconf 74' lang='grc' dir='ltr'><strong><em>σφῶν</em></strong></span> <span class='ocrx_word' id='word_1_72' title='bbox 1092 1064 1198 1134; x_wconf 71' lang='lat' dir='ltr'><strong>odaria</strong></span> <span class='ocrx_word' id='word_1_73' title='bbox 1214 1068 1270 1134; x_wconf 74' lang='grc' dir='ltr'><strong>καὶ</strong></span> 
     </span>
     <span class='ocr_line' id='line_1_9' title="bbox 190 1166 1268 1259; baseline -0.002 -22"><span class='ocrx_word' id='word_1_74' title='bbox 190 1169 271 1259; x_wconf 84' lang='grc' dir='ltr'><strong><em>πρὸς</em></strong></span> <span class='ocrx_word' id='word_1_75' title='bbox 294 1168 477 1251; x_wconf 72' lang='grc' dir='ltr'><strong><em>Ῥωμαίους</em></strong></span> <span class='ocrx_word' id='word_1_76' title='bbox 503 1166 768 1255; x_wconf 82' lang='grc' dir='ltr'><strong><em>παραταξάμενοι,</em></strong></span> <span class='ocrx_word' id='word_1_77' title='bbox 797 1172 853 1235; x_wconf 80' lang='grc' dir='ltr'><strong>τοῦ</strong></span> <span class='ocrx_word' id='word_1_78' title='bbox 875 1167 1014 1245; x_wconf 68' lang='grc' dir='ltr'><strong><em>πλείονος</em></strong></span> <span class='ocrx_word' id='word_1_79' title='bbox 1035 1171 1142 1251; x_wconf 73' lang='grc' dir='ltr'><strong><em>ἕκατι,</em></strong></span> <span class='ocrx_word' id='word_1_80' title='bbox 1163 1171 1268 1235; x_wconf 83' lang='grc' dir='ltr'><strong><em>διέλυ-</em></strong></span> 
     </span>
     <span class='ocr_line' id='line_1_10' title="bbox 191 1265 1267 1351; baseline -0.004 -14"><span class='ocrx_word' id='word_1_81' title='bbox 191 1294 251 1347; x_wconf 85' lang='grc' dir='ltr'><strong><em>σαν</em></strong></span> <span class='ocrx_word' id='word_1_82' title='bbox 273 1266 333 1345; x_wconf 85' lang='grc' dir='ltr'><strong>τάς</strong></span> <span class='ocrx_word' id='word_1_83' title='bbox 359 1267 474 1343; x_wconf 71' lang='grc' dir='ltr'><strong><em>οἰκείας</em></strong></span> <span class='ocrx_word' id='word_1_84' title='bbox 494 1268 663 1351; x_wconf 80' lang='grc' dir='ltr'><strong><em>δυνάμεις,</em></strong></span> <span class='ocrx_word' id='word_1_85' title='bbox 696 1270 751 1333; x_wconf 79' lang='grc' dir='ltr'>καί</span> <span class='ocrx_word' id='word_1_86' title='bbox 778 1268 882 1334; x_wconf 82' lang='grc' dir='ltr'><strong><em>οόκέτι</em></strong></span> <span class='ocrx_word' id='word_1_87' title='bbox 909 1265 1063 1333; x_wconf 84' lang='grc' dir='ltr'><strong><em>άνάλιστοι</em></strong></span> <span class='ocrx_word' id='word_1_88' title='bbox 1084 1278 1150 1344; x_wconf 84' lang='grc' dir='ltr'><strong><em>τοῖς</em></strong></span> <span class='ocrx_word' id='word_1_89' title='bbox 1170 1272 1267 1345; x_wconf 83' lang='grc' dir='ltr'><strong><em>πέλας</em></strong></span> 
     </span>
     <span class='ocr_line' id='line_1_11' title="bbox 153 1358 1266 1453; baseline 0.001 -24"><span class='ocrx_word' id='word_1_90' title='bbox 153 1366 334 1443; x_wconf 72' lang='grc' dir='ltr'><strong><em>ιοέδόκουν.</em></strong></span> <span class='ocrx_word' id='word_1_91' title='bbox 370 1364 527 1451; x_wconf 76' lang='grc' dir='ltr'><strong><em>τοιγάρτοι</em></strong></span> <span class='ocrx_word' id='word_1_92' title='bbox 549 1358 700 1451; x_wconf 73' lang='grc' dir='ltr'><strong><em>ἄρξαντες</em></strong></span> <span class='ocrx_word' id='word_1_93' title='bbox 734 1366 770 1431; x_wconf 84' lang='grc' dir='ltr'><strong><em>οδ</em></strong></span> <span class='ocrx_word' id='word_1_94' title='bbox 794 1364 866 1431; x_wconf 81' lang='grc' dir='ltr'><strong><em>λίαν</em></strong></span> <span class='ocrx_word' id='word_1_95' title='bbox 891 1365 1040 1432; x_wconf 86' lang='grc' dir='ltr'><strong><em>έλάττονα</em></strong></span> <span class='ocrx_word' id='word_1_96' title='bbox 1066 1368 1180 1453; x_wconf 81' lang='grc' dir='ltr'><strong><em>χρόνον</em></strong></span> <span class='ocrx_word' id='word_1_97' title='bbox 1202 1368 1266 1432; x_wconf 70' lang='grc' dir='ltr'><strong><em>τοῖν</em></strong></span> 
     </span>
     <span class='ocr_line' id='line_1_12' title="bbox 88 1459 1366 1553; baseline 0.002 -25"><span class='ocrx_word' id='word_1_98' title='bbox 88 1475 92 1483; x_wconf 90' lang='grc'><strong>’</strong></span> <span class='ocrx_word' id='word_1_99' title='bbox 192 1464 338 1549; x_wconf 81' lang='grc' dir='ltr'><strong><em>Μήδων,</em></strong></span> <span class='ocrx_word' id='word_1_100' title='bbox 369 1459 418 1529; x_wconf 84' lang='grc' dir='ltr'><strong>ότι</strong></span> <span class='ocrx_word' id='word_1_101' title='bbox 430 1462 477 1551; x_wconf 73' lang='grc' dir='ltr'><strong>μή</strong></span> <span class='ocrx_word' id='word_1_102' title='bbox 494 1462 574 1530; x_wconf 74' lang='lat' dir='ltr'><strong>iussi</strong></span> <span class='ocrx_word' id='word_1_103' title='bbox 590 1464 674 1531; x_wconf 83' lang='grc' dir='ltr'><strong><em>έτεσι</em></strong></span> <span class='ocrx_word' id='word_1_104' title='bbox 692 1464 803 1533; x_wconf 82' lang='grc' dir='ltr'><strong><em>δέοντα</em></strong></span> <span class='ocrx_word' id='word_1_105' title='bbox 809 1515 820 1547; x_wconf 94' lang='grc'><strong><em>,</em></strong></span> <span class='ocrx_word' id='word_1_106' title='bbox 843 1468 999 1553; x_wconf 79' lang='grc' dir='ltr'><strong><em>(πειστέον</em></strong></span> <span class='ocrx_word' id='word_1_107' title='bbox 1017 1462 1078 1552; x_wconf 83' lang='grc' dir='ltr'><strong>γάρ</strong></span> <span class='ocrx_word' id='word_1_108' title='bbox 1100 1460 1266 1532; x_wconf 70' lang='grc' dir='ltr'><strong><em>κάνταῦθα</em></strong></span> <span class='ocrx_word' id='word_1_109' title='bbox 1361 1481 1366 1489; x_wconf 56' lang='lat'><em>¹</em></span> 
     </span>
     <span class='ocr_line' id='line_1_13' title="bbox 190 1559 1294 1652; baseline 0.003 -23"><span class='ocrx_word' id='word_1_110' title='bbox 190 1567 237 1651; x_wconf 78' lang='grc' dir='ltr'><strong><em>’τῷ</em></strong></span> <span class='ocrx_word' id='word_1_111' title='bbox 246 1565 479 1652; x_wconf 54' lang='lat' dir='ltr'><strong>liciniorum)</strong></span> <span class='ocrx_word' id='word_1_112' title='bbox 499 1567 532 1641; x_wconf 85' lang='grc' dir='ltr'><strong>ές</strong></span> <span class='ocrx_word' id='word_1_113' title='bbox 550 1568 697 1633; x_wconf 77' lang='grc' dir='ltr'><strong><em>τοσοῦτον</em></strong></span> <span class='ocrx_word' id='word_1_114' title='bbox 713 1565 751 1651; x_wconf 82' lang='grc' dir='ltr'><strong>δὴ</strong></span> <span class='ocrx_word' id='word_1_115' title='bbox 769 1559 827 1631; x_wconf 81' lang='grc' dir='ltr'><strong><em>σόν</em></strong></span> <span class='ocrx_word' id='word_1_116' title='bbox 845 1566 1060 1651; x_wconf 76' lang='grc' dir='ltr'><strong><em>κρατήσαντες,</em></strong></span> <span class='ocrx_word' id='word_1_117' title='bbox 1077 1569 1294 1652; x_wconf 72' lang='grc' dir='ltr'><strong><em>Παρθυαῖοίσ</em></strong></span> 
     </span>
     <span class='ocr_line' id='line_1_14' title="bbox 191 1658 1266 1756; baseline 0.005 -30"><span class='ocrx_word' id='word_1_118' title='bbox 191 1670 231 1747; x_wconf 73' lang='grc' dir='ltr'><strong>γε’</strong></span> <span class='ocrx_word' id='word_1_119' title='bbox 242 1660 373 1745; x_wconf 83' lang='grc' dir='ltr'><strong><em>αάτοός,</em></strong></span> <span class='ocrx_word' id='word_1_120' title='bbox 401 1658 494 1741; x_wconf 69' lang='grc' dir='ltr'><strong><em>ἔθνος</em></strong></span> <span class='ocrx_word' id='word_1_121' title='bbox 510 1660 659 1751; x_wconf 74' lang='grc' dir='ltr'><strong><em>κατήκοον</em></strong></span> <span class='ocrx_word' id='word_1_122' title='bbox 675 1663 730 1733; x_wconf 71' lang='grc' dir='ltr'><strong><em>κατ’</em></strong></span> <span class='ocrx_word' id='word_1_123' title='bbox 749 1659 861 1751; x_wconf 74' lang='grc' dir='ltr'><strong><em>ἥκιστα</em></strong></span> <span class='ocrx_word' id='word_1_124' title='bbox 883 1665 918 1730; x_wconf 86' lang='grc' dir='ltr'><strong><em>έν</em></strong></span> <span class='ocrx_word' id='word_1_125' title='bbox 934 1668 978 1756; x_wconf 73' lang='grc' dir='ltr'><strong>τῷ</strong></span> <span class='ocrx_word' id='word_1_126' title='bbox 994 1662 1056 1750; x_wconf 87' lang='grc' dir='ltr'><strong>πρό</strong></span> <span class='ocrx_word' id='word_1_127' title='bbox 1075 1667 1134 1731; x_wconf 74' lang='grc' dir='ltr'><strong>τοῦ</strong></span> <span class='ocrx_word' id='word_1_128' title='bbox 1151 1660 1266 1748; x_wconf 82' lang='grc' dir='ltr'><strong><em>ὄνομα·</em></strong></span> 
     </span>
     <span class='ocr_line' id='line_1_15' title="bbox 191 1754 1289 1850; baseline 0.003 -23"><span class='ocrx_word' id='word_1_129' title='bbox 191 1760 355 1844; x_wconf 83' lang='grc' dir='ltr'><strong><em>στότυτον,</em></strong></span> <span class='ocrx_word' id='word_1_130' title='bbox 385 1764 568 1847; x_wconf 85' lang='grc' dir='ltr'><strong><em>παρέλυσαν</em></strong></span> <span class='ocrx_word' id='word_1_131' title='bbox 589 1766 645 1850; x_wconf 78' lang='grc' dir='ltr'><strong><em>τῆς</em></strong></span> <span class='ocrx_word' id='word_1_132' title='bbox 670 1758 771 1849; x_wconf 72' lang='grc' dir='ltr'><strong><em>ἀρχῆς</em></strong></span> <span class='ocrx_word' id='word_1_133' title='bbox 793 1763 870 1840; x_wconf 87' lang='grc' dir='ltr'><strong><em>τοός</em></strong></span> <span class='ocrx_word' id='word_1_134' title='bbox 892 1758 1092 1839; x_wconf 68' lang='grc' dir='ltr'><strong><em>Μακεδόναςζ</em></strong></span> <span class='ocrx_word' id='word_1_135' title='bbox 1124 1763 1180 1829; x_wconf 78' lang='grc' dir='ltr'><strong>καὶ</strong></span> <span class='ocrx_word' id='word_1_136' title='bbox 1197 1754 1289 1844; x_wconf 25' lang='lat' dir='ltr'><strong>&#39;saiso&#39;</strong></span> 
     </span>
     <span class='ocr_line' id='line_1_16' title="bbox 154 1856 1266 1950; baseline 0.004 -26"><span class='ocrx_word' id='word_1_137' title='bbox 154 1858 303 1935; x_wconf 76' lang='grc' dir='ltr'><strong><em>ιόέιιιῖνοι</em></strong></span> <span class='ocrx_word' id='word_1_138' title='bbox 331 1864 395 1927; x_wconf 75' lang='grc' dir='ltr'><strong>τῶν</strong></span> <span class='ocrx_word' id='word_1_139' title='bbox 426 1856 613 1949; x_wconf 67' lang='lat' dir='ltr'><strong>dimunitio</strong></span> <span class='ocrx_word' id='word_1_140' title='bbox 639 1862 804 1947; x_wconf 79' lang='grc' dir='ltr'><strong><em>Αἰγύπτου</em></strong></span> <span class='ocrx_word' id='word_1_141' title='bbox 828 1863 981 1950; x_wconf 79' lang='grc' dir='ltr'><strong><em>ἡγοῦντο,</em></strong></span> <span class='ocrx_word' id='word_1_142' title='bbox 1014 1862 1173 1949; x_wconf 79' lang='grc' dir='ltr'><strong><em>Ἀρσάκου</em></strong></span> <span class='ocrx_word' id='word_1_143' title='bbox 1206 1866 1266 1946; x_wconf 81' lang='grc' dir='ltr'><strong><em>μέν</em></strong></span> 
     </span>
     <span class='ocr_line' id='line_1_17' title="bbox 191 1955 1267 2049; baseline 0.005 -26"><span class='ocrx_word' id='word_1_144' title='bbox 191 1960 341 2047; x_wconf 79' lang='grc' dir='ltr'><strong><em>πρότερον</em></strong></span> <span class='ocrx_word' id='word_1_145' title='bbox 354 1963 407 2046; x_wconf 83' lang='grc' dir='ltr'><strong>τῆς</strong></span> <span class='ocrx_word' id='word_1_146' title='bbox 420 1956 620 2041; x_wconf 80' lang='grc' dir='ltr'><strong><em>ἀποστάσεως</em></strong></span> <span class='ocrx_word' id='word_1_147' title='bbox 640 1963 828 2049; x_wconf 76' lang='grc' dir='ltr'><strong><em>ἀρξαμένου,</em></strong></span> <span class='ocrx_word' id='word_1_148' title='bbox 848 1959 892 2038; x_wconf 74' lang='grc' dir='ltr'><strong>ὥς</strong></span> <span class='ocrx_word' id='word_1_149' title='bbox 907 1961 962 2027; x_wconf 77' lang='grc' dir='ltr'><strong>καὶ</strong></span> <span class='ocrx_word' id='word_1_150' title='bbox 986 1955 1178 2048; x_wconf 80' lang='grc' dir='ltr'><strong><em>Ἀρσακέδας</em></strong></span> <span class='ocrx_word' id='word_1_151' title='bbox 1193 1961 1267 2040; x_wconf 83' lang='grc' dir='ltr'><strong><em>τοός</em></strong></span> 
     </span>
     <span class='ocr_line' id='line_1_18' title="bbox 190 2056 1266 2152; baseline 0.003 -27"><span class='ocrx_word' id='word_1_152' title='bbox 190 2062 258 2141; x_wconf 72' lang='grc' dir='ltr'><strong><em>μετ’</em></strong></span> <span class='ocrx_word' id='word_1_153' title='bbox 279 2058 377 2125; x_wconf 78' lang='lat' dir='ltr'><strong>adada</strong></span> <span class='ocrx_word' id='word_1_154' title='bbox 399 2058 620 2145; x_wconf 68' lang='grc' dir='ltr'><strong><em>ὀνομάζεσθαι,</em></strong></span> <span class='ocrx_word' id='word_1_155' title='bbox 641 2061 850 2148; x_wconf 71' lang='grc' dir='ltr'><strong><em>Μιθριδάτου</em></strong></span> <span class='ocrx_word' id='word_1_156' title='bbox 865 2064 901 2128; x_wconf 82' lang='grc' dir='ltr'><strong>δὲ</strong></span> <span class='ocrx_word' id='word_1_157' title='bbox 919 2056 957 2126; x_wconf 76' lang='grc' dir='ltr'><strong><em>οὗ</em></strong></span> <span class='ocrx_word' id='word_1_158' title='bbox 971 2065 1074 2152; x_wconf 76' lang='grc' dir='ltr'><strong><em>πολλῷ</em></strong></span> <span class='ocrx_word' id='word_1_159' title='bbox 1088 2057 1217 2148; x_wconf 71' lang='grc' dir='ltr'><strong><em>ὕστερον</em></strong></span> <span class='ocrx_word' id='word_1_160' title='bbox 1232 2064 1266 2140; x_wconf 87' lang='grc' dir='ltr'><strong>ές</strong></span> 
     </span>
     <span class='ocr_line' id='line_1_19' title="bbox 190 2152 1067 2249; baseline 0.011 -28"><span class='ocrx_word' id='word_1_161' title='bbox 190 2158 272 2241; x_wconf 87' lang='grc' dir='ltr'><strong><em>μέγα</em></strong></span> <span class='ocrx_word' id='word_1_162' title='bbox 291 2184 325 2223; x_wconf 88' lang='grc' dir='ltr'><strong>τι</strong></span> <span class='ocrx_word' id='word_1_163' title='bbox 343 2160 430 2235; x_wconf 86' lang='grc' dir='ltr'><strong><em>κλέος</em></strong></span> <span class='ocrx_word' id='word_1_164' title='bbox 451 2160 487 2225; x_wconf 89' lang='grc' dir='ltr'><strong>τό</strong></span> <span class='ocrx_word' id='word_1_165' title='bbox 510 2162 714 2249; x_wconf 71' lang='grc' dir='ltr'><strong><em>Παρθυαίων</em></strong></span> <span class='ocrx_word' id='word_1_166' title='bbox 733 2152 831 2243; x_wconf 74' lang='grc' dir='ltr'><strong><em>ὄνομα</em></strong></span> <span class='ocrx_word' id='word_1_167' title='bbox 853 2158 1067 2244; x_wconf 61' lang='grc' dir='ltr'><strong><em>οἜεντγκόντος.</em></strong></span> 
     </span>
     <span class='ocr_line' id='line_1_20' title="bbox 272 2252 1268 2350; baseline 0.004 -29"><span class='ocrx_word' id='word_1_168' title='bbox 272 2256 316 2333; x_wconf 71' lang='grc' dir='ltr'><strong><em>ις’</em></strong></span> <span class='ocrx_word' id='word_1_169' title='bbox 363 2252 589 2344; x_wconf 79' lang='grc' dir='ltr'><strong><em>Ἑβδομὴκοντα</em></strong></span> <span class='ocrx_word' id='word_1_170' title='bbox 604 2264 640 2329; x_wconf 79' lang='grc' dir='ltr'><strong>δέ</strong></span> <span class='ocrx_word' id='word_1_171' title='bbox 656 2264 734 2327; x_wconf 67' lang='lat' dir='ltr'><strong>aaa</strong></span> <span class='ocrx_word' id='word_1_172' title='bbox 749 2255 812 2347; x_wconf 81' lang='grc' dir='ltr'><strong>ἥδη</strong></span> <span class='ocrx_word' id='word_1_173' title='bbox 830 2264 885 2328; x_wconf 82' lang='grc' dir='ltr'><strong>έπέ</strong></span> <span class='ocrx_word' id='word_1_174' title='bbox 906 2258 1073 2337; x_wconf 70' lang='grc' dir='ltr'><strong><em>διακοσιοις</em></strong></span> <span class='ocrx_word' id='word_1_175' title='bbox 1084 2257 1268 2350; x_wconf 77' lang='grc' dir='ltr'><strong><em>παρῳχηκό-</em></strong></span> 
     </span>
    </p>
   </div>
   <div class='ocr_carea' id='block_1_3' title="bbox 259 2375 1267 3351">
    <p class='ocr_par' dir='ltr' id='par_1_4' title="bbox 259 2375 1267 3351">
     <span class='ocr_line' id='line_1_21' title="bbox 265 2375 1266 2451; baseline 0.003 -22"><span class='ocrx_word' id='word_1_176' title='bbox 265 2394 303 2429; x_wconf 82' lang='lat' dir='ltr'><strong>rs.</strong></span> <span class='ocrx_word' id='word_1_177' title='bbox 321 2375 558 2449; x_wconf 72' lang='grc' dir='ltr'><strong><em>κρατέουνιαςοι</em></strong></span> <span class='ocrx_word' id='word_1_178' title='bbox 580 2381 619 2433; x_wconf 80' lang='grc' dir='ltr'><strong>ιδ.</strong></span> <span class='ocrx_word' id='word_1_179' title='bbox 646 2378 823 2451; x_wconf 73' lang='grc' dir='ltr'><strong><em>ἀρξαμένους</em></strong></span> <span class='ocrx_word' id='word_1_180' title='bbox 838 2378 896 2449; x_wconf 85' lang='lat' dir='ltr'><strong>spb.</strong></span> <span class='ocrx_word' id='word_1_181' title='bbox 911 2382 966 2433; x_wconf 90' lang='lat' dir='ltr'><strong>Par.</strong></span> <span class='ocrx_word' id='word_1_182' title='bbox 1072 2400 1110 2451; x_wconf 87' lang='lat'><strong>¹9·</strong></span> <span class='ocrx_word' id='word_1_183' title='bbox 1128 2382 1169 2436; x_wconf 80' lang='lat' dir='ltr'><strong>ab</strong></span> <span class='ocrx_word' id='word_1_184' title='bbox 1185 2382 1266 2433; x_wconf 75' lang='lat' dir='ltr'><strong>Arsa-</strong></span> 
     </span>
     <span class='ocr_line' id='line_1_22' title="bbox 261 2449 1265 2522; baseline 0.004 -22"><span class='ocrx_word' id='word_1_185' title='bbox 261 2450 300 2500; x_wconf 87' lang='lat' dir='ltr'><strong>cis</strong></span> <span class='ocrx_word' id='word_1_186' title='bbox 326 2450 413 2502; x_wconf 85' lang='lat' dir='ltr'><strong>initiis</strong></span> <span class='ocrx_word' id='word_1_187' title='bbox 435 2450 575 2522; x_wconf 86' lang='lat' dir='ltr'><strong>usquead</strong></span> <span class='ocrx_word' id='word_1_188' title='bbox 597 2452 738 2505; x_wconf 88' lang='lat' dir='ltr'><strong>interitum</strong></span> <span class='ocrx_word' id='word_1_189' title='bbox 759 2452 889 2505; x_wconf 77' lang='lat' dir='ltr'><strong>Artabani</strong></span> <span class='ocrx_word' id='word_1_190' title='bbox 912 2452 976 2503; x_wconf 88' lang='lat' dir='ltr'><strong>anni</strong></span> <span class='ocrx_word' id='word_1_191' title='bbox 999 2449 1059 2520; x_wconf 70' lang='grc'><strong>476.</strong></span> <span class='ocrx_word' id='word_1_192' title='bbox 1077 2460 1265 2504; x_wconf 78' lang='lat' dir='ltr'><strong>numeranturt</strong></span> 
     </span>
     <span class='ocr_line' id='line_1_23' title="bbox 261 2520 1265 2590; baseline 0.003 -20"><span class='ocrx_word' id='word_1_193' title='bbox 261 2520 315 2570; x_wconf 84' lang='lat' dir='ltr'><strong>vid.</strong></span> <span class='ocrx_word' id='word_1_194' title='bbox 336 2521 390 2572; x_wconf 87' lang='lat' dir='ltr'><strong>Ste.</strong></span> <span class='ocrx_word' id='word_1_195' title='bbox 405 2520 486 2572; x_wconf 75' lang='lat' dir='ltr'><strong>Croiu</strong></span> <span class='ocrx_word' id='word_1_196' title='bbox 499 2521 534 2573; x_wconf 88' lang='lat' dir='ltr'><strong>ad</strong></span> <span class='ocrx_word' id='word_1_197' title='bbox 547 2522 631 2573; x_wconf 81' lang='lat' dir='ltr'><strong>Tacit</strong></span> <span class='ocrx_word' id='word_1_198' title='bbox 648 2523 689 2575; x_wconf 90' lang='lat' dir='ltr'><strong>ed.</strong></span> <span class='ocrx_word' id='word_1_199' title='bbox 708 2524 831 2576; x_wconf 89' lang='lat' dir='ltr'><strong>Oberliu.</strong></span> <span class='ocrx_word' id='word_1_200' title='bbox 852 2524 885 2579; x_wconf 85' lang='lat' dir='ltr'><strong>T.</strong></span> <span class='ocrx_word' id='word_1_201' title='bbox 900 2524 931 2573; x_wconf 89' lang='lat'><strong>11.</strong></span> <span class='ocrx_word' id='word_1_202' title='bbox 951 2540 976 2590; x_wconf 86' lang='lat' dir='ltr'><strong>p.</strong></span> <span class='ocrx_word' id='word_1_203' title='bbox 991 2523 1051 2590; x_wconf 73' lang='lat'><strong>872.</strong></span> <span class='ocrx_word' id='word_1_204' title='bbox 1077 2522 1154 2574; x_wconf 89' lang='lat' dir='ltr'><strong>Unde</strong></span> <span class='ocrx_word' id='word_1_205' title='bbox 1166 2522 1265 2590; x_wconf 84' lang='lat' dir='ltr'><strong>aliquis</strong></span> 
     </span>
     <span class='ocr_line' id='line_1_24' title="bbox 262 2589 1266 2667; baseline 0.005 -28"><span class='ocrx_word' id='word_1_206' title='bbox 262 2591 392 2643; x_wconf 87' lang='lat' dir='ltr'><strong>coniiciat</strong></span> <span class='ocrx_word' id='word_1_207' title='bbox 403 2589 592 2660; x_wconf 71' lang='grc' dir='ltr'><strong><em>ἑβδομήκοντα</em></strong></span> <span class='ocrx_word' id='word_1_208' title='bbox 605 2591 652 2644; x_wconf 70' lang='grc' dir='ltr'><strong>ἐπὶ</strong></span> <span class='ocrx_word' id='word_1_209' title='bbox 669 2597 863 2667; x_wconf 78' lang='grc' dir='ltr'><strong><em>τετρακοσίοις</em></strong></span> <span class='ocrx_word' id='word_1_210' title='bbox 883 2590 1079 2645; x_wconf 83' lang='lat' dir='ltr'><strong>emendandum</strong></span> <span class='ocrx_word' id='word_1_211' title='bbox 1099 2610 1164 2646; x_wconf 86' lang='lat' dir='ltr'><strong>esse.</strong></span> <span class='ocrx_word' id='word_1_212' title='bbox 1209 2593 1266 2644; x_wconf 80' lang='lat' dir='ltr'><strong>Ve-</strong></span> 
     </span>
     <span class='ocr_line' id='line_1_25' title="bbox 262 2661 1267 2736; baseline 0.005 -27"><span class='ocrx_word' id='word_1_213' title='bbox 262 2669 413 2713; x_wconf 88' lang='lat' dir='ltr'><strong>rumtamen</strong></span> <span class='ocrx_word' id='word_1_214' title='bbox 432 2661 503 2714; x_wconf 87' lang='lat' dir='ltr'><strong>nihii</strong></span> <span class='ocrx_word' id='word_1_215' title='bbox 522 2671 625 2714; x_wconf 85' lang='lat' dir='ltr'><strong>mutare</strong></span> <span class='ocrx_word' id='word_1_216' title='bbox 647 2665 750 2727; x_wconf 88' lang='lat' dir='ltr'><strong>ausim,</strong></span> <span class='ocrx_word' id='word_1_217' title='bbox 779 2683 862 2736; x_wconf 89' lang='lat' dir='ltr'><strong>quum</strong></span> <span class='ocrx_word' id='word_1_218' title='bbox 880 2672 991 2734; x_wconf 88' lang='lat' dir='ltr'><strong>propter</strong></span> <span class='ocrx_word' id='word_1_219' title='bbox 1016 2679 1180 2716; x_wconf 61' lang='lat' dir='ltr'><strong>consensum*</strong></span> <span class='ocrx_word' id='word_1_220' title='bbox 1188 2665 1217 2714; x_wconf 84' lang='lat' dir='ltr'><strong>R.</strong></span> <span class='ocrx_word' id='word_1_221' title='bbox 1238 2669 1267 2714; x_wconf 85' lang='lat' dir='ltr'><strong>ct</strong></span> 
     </span>
     <span class='ocr_line' id='line_1_26' title="bbox 263 2731 1266 2806; baseline 0.004 -28"><span class='ocrx_word' id='word_1_222' title='bbox 263 2731 346 2800; x_wconf 89' lang='lat' dir='ltr'><strong>Intpr.</strong></span> <span class='ocrx_word' id='word_1_223' title='bbox 363 2749 421 2784; x_wconf 88' lang='lat' dir='ltr'><strong>cum</strong></span> <span class='ocrx_word' id='word_1_224' title='bbox 445 2733 636 2802; x_wconf 85' lang='lat' dir='ltr'><strong>Lugdunenri,</strong></span> <span class='ocrx_word' id='word_1_225' title='bbox 666 2743 725 2786; x_wconf 85' lang='lat' dir='ltr'><strong>tum</strong></span> <span class='ocrx_word' id='word_1_226' title='bbox 744 2751 807 2788; x_wconf 86' lang='lat' dir='ltr'><strong>vero</strong></span> <span class='ocrx_word' id='word_1_227' title='bbox 829 2735 986 2806; x_wconf 88' lang='lat' dir='ltr'><strong>praesertim</strong></span> <span class='ocrx_word' id='word_1_228' title='bbox 1005 2745 1115 2804; x_wconf 89' lang='lat' dir='ltr'><strong>propter</strong></span> <span class='ocrx_word' id='word_1_229' title='bbox 1136 2734 1266 2802; x_wconf 89' lang='lat' dir='ltr'><strong>temporis</strong></span> 
     </span>
     <span class='ocr_line' id='line_1_27' title="bbox 264 2802 1267 2874; baseline 0.005 -24"><span class='ocrx_word' id='word_1_230' title='bbox 264 2817 402 2864; x_wconf 84' lang='lat' dir='ltr'><strong>summam,</strong></span> <span class='ocrx_word' id='word_1_231' title='bbox 422 2803 495 2874; x_wconf 83' lang='lat' dir='ltr'><strong>quod</strong></span> <span class='ocrx_word' id='word_1_232' title='bbox 510 2803 636 2874; x_wconf 73' lang='lat' dir='ltr'><strong>Agathias</strong></span> <span class='ocrx_word' id='word_1_233' title='bbox 651 2802 827 2858; x_wconf 82' lang='lat' dir='ltr'><strong>Macedonum</strong></span> <span class='ocrx_word' id='word_1_234' title='bbox 841 2807 955 2872; x_wconf 87' lang='lat' dir='ltr'><strong>imperio</strong></span> <span class='ocrx_word' id='word_1_235' title='bbox 971 2804 1076 2857; x_wconf 84' lang='lat' dir='ltr'><strong>tribuit</strong></span> <span class='ocrx_word' id='word_1_236' title='bbox 1094 2805 1170 2874; x_wconf 86' lang='lat' dir='ltr'><strong>Quos</strong></span> <span class='ocrx_word' id='word_1_237' title='bbox 1182 2821 1267 2874; x_wconf 86' lang='lat' dir='ltr'><strong>quum</strong></span> 
     </span>
     <span class='ocr_line' id='line_1_28' title="bbox 264 2875 1266 2944; baseline 0.003 -24"><span class='ocrx_word' id='word_1_238' title='bbox 264 2879 368 2939; x_wconf 83' lang='lat' dir='ltr'><strong>septem</strong></span> <span class='ocrx_word' id='word_1_239' title='bbox 388 2881 492 2924; x_wconf 88' lang='lat' dir='ltr'><strong>tantum</strong></span> <span class='ocrx_word' id='word_1_240' title='bbox 517 2876 594 2926; x_wconf 87' lang='lat' dir='ltr'><strong>annis</strong></span> <span class='ocrx_word' id='word_1_241' title='bbox 612 2877 701 2928; x_wconf 86' lang='lat' dir='ltr'><strong>minus</strong></span> <span class='ocrx_word' id='word_1_242' title='bbox 720 2893 800 2944; x_wconf 88' lang='lat' dir='ltr'><strong>quam</strong></span> <span class='ocrx_word' id='word_1_243' title='bbox 822 2875 918 2927; x_wconf 89' lang='lat' dir='ltr'><strong>Medos</strong></span> <span class='ocrx_word' id='word_1_244' title='bbox 934 2875 1022 2927; x_wconf 81' lang='lat' dir='ltr'><strong>Asiam</strong></span> <span class='ocrx_word' id='word_1_245' title='bbox 1040 2877 1160 2926; x_wconf 88' lang='lat' dir='ltr'><strong>tenuisse</strong></span> <span class='ocrx_word' id='word_1_246' title='bbox 1178 2875 1266 2942; x_wconf 89' lang='lat' dir='ltr'><strong>ponit,</strong></span> 
     </span>
     <span class='ocr_line' id='line_1_29' title="bbox 262 2939 1265 3015; baseline 0.002 -23"><span class='ocrx_word' id='word_1_247' title='bbox 262 2939 356 2994; x_wconf 89' lang='lat' dir='ltr'><strong>Medos</strong></span> <span class='ocrx_word' id='word_1_248' title='bbox 374 2951 463 2994; x_wconf 88' lang='lat' dir='ltr'><strong>autem</strong></span> <span class='ocrx_word' id='word_1_249' title='bbox 479 2960 528 3013; x_wconf 86' lang='lat' dir='ltr'><strong>per</strong></span> <span class='ocrx_word' id='word_1_250' title='bbox 546 2947 603 2997; x_wconf 87' lang='lat'><strong>300.</strong></span> <span class='ocrx_word' id='word_1_251' title='bbox 618 2962 702 2996; x_wconf 88' lang='lat' dir='ltr'><strong>annos</strong></span> <span class='ocrx_word' id='word_1_252' title='bbox 721 2948 880 3015; x_wconf 72' lang='lat' dir='ltr'><strong>imperasse,</strong></span> <span class='ocrx_word' id='word_1_253' title='bbox 902 2946 1025 3014; x_wconf 87' lang='lat' dir='ltr'><strong>&#39;sequitur</strong></span> <span class='ocrx_word' id='word_1_254' title='bbox 1044 2946 1122 2995; x_wconf 85' lang='lat' dir='ltr'><strong>illum</strong></span> <span class='ocrx_word' id='word_1_255' title='bbox 1133 2943 1187 2995; x_wconf 89' lang='lat' dir='ltr'><strong>sibi</strong></span> <span class='ocrx_word' id='word_1_256' title='bbox 1201 2960 1265 3012; x_wconf 88' lang='lat' dir='ltr'><strong>per-</strong></span> 
     </span>
     <span class='ocr_line' id='line_1_30' title="bbox 262 3012 1266 3084; baseline 0.001 -22"><span class='ocrx_word' id='word_1_257' title='bbox 262 3012 393 3075; x_wconf 74' lang='lat' dir='ltr'><strong>suasisse,</strong></span> <span class='ocrx_word' id='word_1_258' title='bbox 413 3015 569 3066; x_wconf 82' lang='lat' dir='ltr'><strong>Parthorum</strong></span> <span class='ocrx_word' id='word_1_259' title='bbox 588 3013 732 3084; x_wconf 86' lang='lat' dir='ltr'><strong>imperium</strong></span> <span class='ocrx_word' id='word_1_260' title='bbox 754 3035 824 3067; x_wconf 89' lang='lat' dir='ltr'><strong>anno</strong></span> <span class='ocrx_word' id='word_1_261' title='bbox 844 3015 952 3067; x_wconf 89' lang='lat' dir='ltr'><strong>demum</strong></span> <span class='ocrx_word' id='word_1_262' title='bbox 968 3015 1009 3081; x_wconf 72' lang='grc'><strong>44.</strong></span> <span class='ocrx_word' id='word_1_263' title='bbox 1028 3031 1050 3065; x_wconf 85' lang='lat' dir='ltr'><strong>a.</strong></span> <span class='ocrx_word' id='word_1_264' title='bbox 1066 3013 1127 3064; x_wconf 88' lang='lat' dir='ltr'><strong>Chr.</strong></span> <span class='ocrx_word' id='word_1_265' title='bbox 1143 3031 1171 3066; x_wconf 88' lang='lat' dir='ltr'><strong>n.</strong></span> <span class='ocrx_word' id='word_1_266' title='bbox 1186 3030 1266 3064; x_wconf 82' lang='lat' dir='ltr'><strong>exor-</strong></span> 
     </span>
     <span class='ocr_line' id='line_1_31' title="bbox 261 3081 1266 3152; baseline 0.001 -21"><span class='ocrx_word' id='word_1_267' title='bbox 261 3087 319 3132; x_wconf 89' lang='lat' dir='ltr'><strong>tum</strong></span> <span class='ocrx_word' id='word_1_268' title='bbox 339 3099 405 3136; x_wconf 86' lang='lat' dir='ltr'><strong>esse.</strong></span> <span class='ocrx_word' id='word_1_269' title='bbox 455 3085 496 3136; x_wconf 85' lang='lat' dir='ltr'><strong>Ita</strong></span> <span class='ocrx_word' id='word_1_270' title='bbox 512 3101 575 3136; x_wconf 80' lang='lat' dir='ltr'><strong>vero</strong></span> <span class='ocrx_word' id='word_1_271' title='bbox 592 3085 772 3138; x_wconf 77' lang='lat' dir='ltr'><strong>Macedonum</strong></span> <span class='ocrx_word' id='word_1_272' title='bbox 790 3103 873 3137; x_wconf 85' lang='lat' dir='ltr'><strong>annor</strong></span> <span class='ocrx_word' id='word_1_273' title='bbox 894 3101 911 3135; x_wconf 88' lang='lat' dir='ltr'><strong>a</strong></span> <span class='ocrx_word' id='word_1_274' title='bbox 929 3085 1016 3152; x_wconf 89' lang='lat' dir='ltr'><strong>primo</strong></span> <span class='ocrx_word' id='word_1_275' title='bbox 1036 3081 1183 3134; x_wconf 79' lang='lat' dir='ltr'><strong>Alexandri</strong></span> <span class='ocrx_word' id='word_1_276' title='bbox 1204 3088 1266 3150; x_wconf 86' lang='lat' dir='ltr'><strong>post</strong></span> 
     </span>
     <span class='ocr_line' id='line_1_32' title="bbox 260 3150 1266 3226; baseline 0 -25"><span class='ocrx_word' id='word_1_277' title='bbox 260 3161 365 3220; x_wconf 86' lang='lat' dir='ltr'><strong>patrem</strong></span> <span class='ocrx_word' id='word_1_278' title='bbox 383 3157 537 3224; x_wconf 81' lang='lat' dir='ltr'><strong>regnantis,</strong></span> <span class='ocrx_word' id='word_1_279' title='bbox 555 3173 611 3206; x_wconf 89' lang='lat' dir='ltr'><strong>non</strong></span> <span class='ocrx_word' id='word_1_280' title='bbox 628 3172 644 3206; x_wconf 89' lang='lat' dir='ltr'><strong>a</strong></span> <span class='ocrx_word' id='word_1_281' title='bbox 662 3155 737 3207; x_wconf 87' lang='lat' dir='ltr'><strong>Darii</strong></span> <span class='ocrx_word' id='word_1_282' title='bbox 755 3174 837 3226; x_wconf 83' lang='lat' dir='ltr'><strong>regno</strong></span> <span class='ocrx_word' id='word_1_283' title='bbox 854 3171 944 3207; x_wconf 85' lang='lat' dir='ltr'><strong>everso</strong></span> <span class='ocrx_word' id='word_1_284' title='bbox 963 3154 1126 3220; x_wconf 78' lang='lat' dir='ltr'><strong>supputavit.</strong></span> <span class='ocrx_word' id='word_1_285' title='bbox 1162 3150 1199 3202; x_wconf 84' lang='lat' dir='ltr'><strong>Ac</strong></span> <span class='ocrx_word' id='word_1_286' title='bbox 1211 3153 1266 3205; x_wconf 91' lang='lat' dir='ltr'><strong>Po-</strong></span> 
     </span>
     <span class='ocr_line' id='line_1_33' title="bbox 260 3221 1266 3297; baseline 0 -25"><span class='ocrx_word' id='word_1_287' title='bbox 260 3221 418 3288; x_wconf 85' lang='lat' dir='ltr'><strong>iybistorem</strong></span> <span class='ocrx_word' id='word_1_288' title='bbox 433 3243 543 3297; x_wconf 91' lang='lat' dir='ltr'><strong>quoque</strong></span> <span class='ocrx_word' id='word_1_289' title='bbox 561 3233 697 3280; x_wconf 80' lang='lat' dir='ltr'><strong>auctorem</strong></span> <span class='ocrx_word' id='word_1_290' title='bbox 710 3226 778 3279; x_wconf 83' lang='lat' dir='ltr'><strong>falso</strong></span> <span class='ocrx_word' id='word_1_291' title='bbox 796 3227 866 3289; x_wconf 81' lang='lat' dir='ltr'><strong>fert,</strong></span> <span class='ocrx_word' id='word_1_292' title='bbox 891 3225 938 3295; x_wconf 87' lang='lat' dir='ltr'><strong>qui</strong></span> <span class='ocrx_word' id='word_1_293' title='bbox 961 3223 1036 3276; x_wconf 86' lang='lat' dir='ltr'><strong>Sulla</strong></span> <span class='ocrx_word' id='word_1_294' title='bbox 1052 3239 1109 3275; x_wconf 87' lang='lat' dir='ltr'><strong>rem</strong></span> <span class='ocrx_word' id='word_1_295' title='bbox 1122 3223 1266 3273; x_wconf 84' lang='lat' dir='ltr'><strong>Romanam</strong></span> 
     </span>
     <span class='ocr_line' id='line_1_34' title="bbox 259 3295 512 3351; baseline 0.036 -9"><span class='ocrx_word' id='word_1_296' title='bbox 259 3298 370 3346; x_wconf 87' lang='lat' dir='ltr'><strong>tenente</strong></span> <span class='ocrx_word' id='word_1_297' title='bbox 387 3295 512 3351; x_wconf 87' lang='lat' dir='ltr'><strong>florebat.</strong></span> 
     </span>
    </p>
   </div>
   <div class='ocr_carea' id='block_1_4' title="bbox 178 3394 1284 4311">
    <p class='ocr_par' dir='ltr' id='par_1_5' title="bbox 178 3394 1284 4311">
     <span class='ocr_line' id='line_1_35' title="bbox 195 3394 1265 3466; baseline -0.003 -19"><span class='ocrx_word' id='word_1_298' title='bbox 195 3407 252 3444; x_wconf 82' lang='lat' dir='ltr'><strong>rara</strong></span> <span class='ocrx_word' id='word_1_299' title='bbox 269 3395 456 3465; x_wconf 81' lang='lat' dir='ltr'><strong>magnitudine</strong></span> <span class='ocrx_word' id='word_1_300' title='bbox 472 3399 571 3450; x_wconf 82' lang='lat' dir='ltr'><strong>eximie</strong></span> <span class='ocrx_word' id='word_1_301' title='bbox 582 3399 668 3450; x_wconf 88' lang='lat' dir='ltr'><strong>clarus</strong></span> <span class='ocrx_word' id='word_1_302' title='bbox 680 3405 739 3450; x_wconf 86' lang='lat' dir='ltr'><strong>erat</strong></span> <span class='ocrx_word' id='word_1_303' title='bbox 758 3396 887 3466; x_wconf 89' lang='lat' dir='ltr'><strong>belloque</strong></span> <span class='ocrx_word' id='word_1_304' title='bbox 907 3394 1113 3464; x_wconf 87' lang='lat' dir='ltr'><strong>insuperabilis,</strong></span> <span class='ocrx_word' id='word_1_305' title='bbox 1131 3403 1163 3448; x_wconf 90' lang='lat' dir='ltr'><strong>ut</strong></span> <span class='ocrx_word' id='word_1_306' title='bbox 1177 3395 1265 3446; x_wconf 86' lang='lat' dir='ltr'><strong>etiam</strong></span> 
     </span>
     <span class='ocr_line' id='line_1_36' title="bbox 193 3465 1265 3535; baseline 0.001 -23"><span class='ocrx_word' id='word_1_307' title='bbox 193 3471 368 3534; x_wconf 79' lang='lat' dir='ltr'><strong>posteaquam</strong></span> <span class='ocrx_word' id='word_1_308' title='bbox 386 3485 448 3520; x_wconf 89' lang='lat' dir='ltr'><strong>euru</strong></span> <span class='ocrx_word' id='word_1_309' title='bbox 470 3486 484 3520; x_wconf 87' lang='lat' dir='ltr'><strong>e</strong></span> <span class='ocrx_word' id='word_1_310' title='bbox 500 3470 567 3522; x_wconf 87' lang='lat' dir='ltr'><strong>vivis</strong></span> <span class='ocrx_word' id='word_1_311' title='bbox 582 3469 711 3521; x_wconf 81' lang='lat' dir='ltr'><strong>excedere</strong></span> <span class='ocrx_word' id='word_1_312' title='bbox 727 3467 859 3535; x_wconf 85' lang='lat' dir='ltr'><strong>contigit,</strong></span> <span class='ocrx_word' id='word_1_313' title='bbox 883 3482 1047 3518; x_wconf 86' lang='lat' dir='ltr'><strong>successores</strong></span> <span class='ocrx_word' id='word_1_314' title='bbox 1062 3473 1153 3516; x_wconf 84' lang='lat' dir='ltr'><strong>tamen</strong></span> <span class='ocrx_word' id='word_1_315' title='bbox 1169 3465 1265 3530; x_wconf 81' lang='lat' dir='ltr'><strong>ipsius,</strong></span> 
     </span>
     <span class='ocr_line' id='line_1_37' title="bbox 194 3533 1265 3608; baseline 0.002 -26"><span class='ocrx_word' id='word_1_316' title='bbox 194 3533 354 3588; x_wconf 86' lang='lat' dir='ltr'><strong>Macedones</strong></span> <span class='ocrx_word' id='word_1_317' title='bbox 373 3555 432 3589; x_wconf 89' lang='lat' dir='ltr'><strong>cum</strong></span> <span class='ocrx_word' id='word_1_318' title='bbox 448 3535 553 3602; x_wconf 73' lang='lat' dir='ltr'><strong>essent,</strong></span> <span class='ocrx_word' id='word_1_319' title='bbox 578 3541 696 3592; x_wconf 86' lang='lat' dir='ltr'><strong>alienam</strong></span> <span class='ocrx_word' id='word_1_320' title='bbox 717 3547 889 3608; x_wconf 81' lang='lat' dir='ltr'><strong>exteramque</strong></span> <span class='ocrx_word' id='word_1_321' title='bbox 909 3537 1047 3606; x_wconf 82' lang='lat' dir='ltr'><strong>regionem</strong></span> <span class='ocrx_word' id='word_1_322' title='bbox 1062 3551 1143 3606; x_wconf 88' lang='lat' dir='ltr'><strong>quam</strong></span> <span class='ocrx_word' id='word_1_323' title='bbox 1166 3533 1265 3585; x_wconf 85' lang='lat' dir='ltr'><strong>diutis-</strong></span> 
     </span>
     <span class='ocr_line' id='line_1_38' title="bbox 195 3604 1266 3676; baseline 0.006 -24"><span class='ocrx_word' id='word_1_324' title='bbox 195 3604 263 3654; x_wconf 87' lang='lat' dir='ltr'><strong>sime</strong></span> <span class='ocrx_word' id='word_1_325' title='bbox 274 3607 304 3657; x_wconf 87' lang='lat' dir='ltr'><strong>in</strong></span> <span class='ocrx_word' id='word_1_326' title='bbox 318 3613 451 3673; x_wconf 84' lang='lat' dir='ltr'><strong>potestate</strong></span> <span class='ocrx_word' id='word_1_327' title='bbox 473 3611 645 3670; x_wconf 88' lang='lat' dir='ltr'><strong>retinuerint,</strong></span> <span class='ocrx_word' id='word_1_328' title='bbox 661 3618 689 3662; x_wconf 89' lang='lat' dir='ltr'><strong>et</strong></span> <span class='ocrx_word' id='word_1_329' title='bbox 704 3608 737 3661; x_wconf 86' lang='lat' dir='ltr'><strong>ad</strong></span> <span class='ocrx_word' id='word_1_330' title='bbox 750 3617 877 3660; x_wconf 81' lang='lat' dir='ltr'><strong>summam</strong></span> <span class='ocrx_word' id='word_1_331' title='bbox 889 3609 1039 3676; x_wconf 86' lang='lat' dir='ltr'><strong>potentiam</strong></span> <span class='ocrx_word' id='word_1_332' title='bbox 1055 3605 1197 3659; x_wconf 84' lang='lat' dir='ltr'><strong>evaserint</strong></span> <span class='ocrx_word' id='word_1_333' title='bbox 1230 3605 1266 3658; x_wconf 87' lang='lat' dir='ltr'><strong>Et</strong></span> 
     </span>
     <span class='ocr_line' id='line_1_39' title="bbox 194 3675 1265 3749; baseline 0 -25"><span class='ocrx_word' id='word_1_334' title='bbox 194 3689 261 3725; x_wconf 86' lang='lat' dir='ltr'><strong>sanc</strong></span> <span class='ocrx_word' id='word_1_335' title='bbox 283 3677 398 3730; x_wconf 86' lang='lat' dir='ltr'><strong>arbitror</strong></span> <span class='ocrx_word' id='word_1_336' title='bbox 419 3695 464 3730; x_wconf 84' lang='lat' dir='ltr'><strong>eos</strong></span> <span class='ocrx_word' id='word_1_337' title='bbox 487 3681 568 3732; x_wconf 88' lang='lat' dir='ltr'><strong>etiam</strong></span> <span class='ocrx_word' id='word_1_338' title='bbox 582 3681 612 3732; x_wconf 86' lang='lat' dir='ltr'><strong>iu</strong></span> <span class='ocrx_word' id='word_1_339' title='bbox 629 3678 702 3732; x_wconf 90' lang='lat' dir='ltr'><strong>huuc</strong></span> <span class='ocrx_word' id='word_1_340' title='bbox 723 3696 808 3749; x_wconf 86' lang='lat' dir='ltr'><strong>usque</strong></span> <span class='ocrx_word' id='word_1_341' title='bbox 833 3677 905 3730; x_wconf 88' lang='lat' dir='ltr'><strong>diem</strong></span> <span class='ocrx_word' id='word_1_342' title='bbox 928 3686 1083 3748; x_wconf 83' lang='lat' dir='ltr'><strong>regnaturos</strong></span> <span class='ocrx_word' id='word_1_343' title='bbox 1107 3675 1265 3742; x_wconf 84' lang='lat' dir='ltr'><strong>imperium-</strong></span> 
     </span>
     <span class='ocr_line' id='line_1_40' title="bbox 195 3743 1267 3820; baseline 0.003 -28"><span class='ocrx_word' id='word_1_344' title='bbox 195 3760 249 3812; x_wconf 88' lang='lat' dir='ltr'><strong>que</strong></span> <span class='ocrx_word' id='word_1_345' title='bbox 270 3746 427 3802; x_wconf 85' lang='lat' dir='ltr'><strong>obteuturos</strong></span> <span class='ocrx_word' id='word_1_346' title='bbox 449 3749 549 3815; x_wconf 80' lang='lat' dir='ltr'><strong>fuisse,</strong></span> <span class='ocrx_word' id='word_1_347' title='bbox 572 3749 717 3802; x_wconf 81' lang='lat' dir='ltr'><strong>Alexandri</strong></span> <span class='ocrx_word' id='word_1_348' title='bbox 736 3750 820 3820; x_wconf 85' lang='lat' dir='ltr'><strong>gloria</strong></span> <span class='ocrx_word' id='word_1_349' title='bbox 839 3749 975 3810; x_wconf 85' lang='lat' dir='ltr'><strong>suffultos,</strong></span> <span class='ocrx_word' id='word_1_350' title='bbox 1000 3747 1141 3800; x_wconf 84' lang='lat' dir='ltr'><strong>nisiinter</strong></span> <span class='ocrx_word' id='word_1_351' title='bbox 1159 3760 1187 3796; x_wconf 86' lang='lat' dir='ltr'><strong>sc</strong></span> <span class='ocrx_word' id='word_1_352' title='bbox 1206 3743 1267 3796; x_wconf 83' lang='lat' dir='ltr'><strong>dis·</strong></span> 
     </span>
     <span class='ocr_line' id='line_1_41' title="bbox 193 3815 1265 3890; baseline 0.003 -27"><span class='ocrx_word' id='word_1_353' title='bbox 193 3815 314 3868; x_wconf 87' lang='lat' dir='ltr'><strong>sidcntes</strong></span> <span class='ocrx_word' id='word_1_354' title='bbox 332 3819 574 3890; x_wconf 81' lang='lat' dir='ltr'><strong>frequentibusque</strong></span> <span class='ocrx_word' id='word_1_355' title='bbox 593 3821 705 3889; x_wconf 86' lang='lat' dir='ltr'><strong>proeliis</strong></span> <span class='ocrx_word' id='word_1_356' title='bbox 727 3828 785 3871; x_wconf 90' lang='lat' dir='ltr'><strong>tum</strong></span> <span class='ocrx_word' id='word_1_357' title='bbox 801 3820 926 3872; x_wconf 86' lang='lat' dir='ltr'><strong>adversus</strong></span> <span class='ocrx_word' id='word_1_358' title='bbox 948 3835 977 3870; x_wconf 83' lang='lat' dir='ltr'><strong>se</strong></span> <span class='ocrx_word' id='word_1_359' title='bbox 1000 3823 1110 3877; x_wconf 88' lang='lat' dir='ltr'><strong>mutuo,</strong></span> <span class='ocrx_word' id='word_1_360' title='bbox 1136 3822 1194 3866; x_wconf 87' lang='lat' dir='ltr'><strong>tum</strong></span> <span class='ocrx_word' id='word_1_361' title='bbox 1215 3815 1265 3866; x_wconf 89' lang='lat' dir='ltr'><strong>ad-</strong></span> 
     </span>
     <span class='ocr_line' id='line_1_42' title="bbox 192 3886 1267 3958; baseline 0.003 -24"><span class='ocrx_word' id='word_1_362' title='bbox 192 3899 283 3938; x_wconf 87' lang='lat' dir='ltr'><strong>versus</strong></span> <span class='ocrx_word' id='word_1_363' title='bbox 308 3890 442 3941; x_wconf 84' lang='lat' dir='ltr'><strong>Romanos</strong></span> <span class='ocrx_word' id='word_1_364' title='bbox 462 3887 581 3955; x_wconf 85' lang='lat' dir='ltr'><strong>habitis,</strong></span> <span class='ocrx_word' id='word_1_365' title='bbox 604 3891 682 3958; x_wconf 89' lang='lat' dir='ltr'><strong>plura</strong></span> <span class='ocrx_word' id='word_1_366' title='bbox 697 3889 818 3942; x_wconf 86' lang='lat' dir='ltr'><strong>habendi</strong></span> <span class='ocrx_word' id='word_1_367' title='bbox 836 3889 942 3951; x_wconf 86' lang='lat' dir='ltr'><strong>studio,</strong></span> <span class='ocrx_word' id='word_1_368' title='bbox 974 3903 1034 3938; x_wconf 87' lang='lat' dir='ltr'><strong>suas</strong></span> <span class='ocrx_word' id='word_1_369' title='bbox 1057 3887 1174 3954; x_wconf 85' lang='lat' dir='ltr'><strong>ipsorum</strong></span> <span class='ocrx_word' id='word_1_370' title='bbox 1194 3886 1267 3937; x_wconf 78' lang='lat' dir='ltr'><strong>vires</strong></span> 
     </span>
     <span class='ocr_line' id='line_1_43' title="bbox 192 3955 1268 4030; baseline -0.002 -23"><span class='ocrx_word' id='word_1_371' title='bbox 192 3959 400 4030; x_wconf 82' lang='lat' dir='ltr'><strong>potentiamque</strong></span> <span class='ocrx_word' id='word_1_372' title='bbox 418 3959 578 4028; x_wconf 84' lang='lat' dir='ltr'><strong>fregissent,</strong></span> <span class='ocrx_word' id='word_1_373' title='bbox 598 3961 803 4028; x_wconf 80' lang='lat' dir='ltr'><strong>effecissentque</strong></span> <span class='ocrx_word' id='word_1_374' title='bbox 824 3969 856 4011; x_wconf 85' lang='lat' dir='ltr'><strong>ut</strong></span> <span class='ocrx_word' id='word_1_375' title='bbox 876 3977 932 4025; x_wconf 84' lang='lat' dir='ltr'><strong>uon</strong></span> <span class='ocrx_word' id='word_1_376' title='bbox 949 3957 1064 4024; x_wconf 86' lang='lat' dir='ltr'><strong>amplius</strong></span> <span class='ocrx_word' id='word_1_377' title='bbox 1080 3955 1203 4008; x_wconf 85' lang='lat' dir='ltr'><strong>finitimis</strong></span> <span class='ocrx_word' id='word_1_378' title='bbox 1221 3957 1268 4006; x_wconf 80' lang='lat' dir='ltr'><strong>in-</strong></span> 
     </span>
     <span class='ocr_line' id='line_1_44' title="bbox 194 4027 1266 4099; baseline -0.006 -19"><span class='ocrx_word' id='word_1_379' title='bbox 194 4028 364 4096; x_wconf 72' lang='lat' dir='ltr'><strong>superabiles</strong></span> <span class='ocrx_word' id='word_1_380' title='bbox 384 4029 557 4092; x_wconf 84' lang='lat' dir='ltr'><strong>viderentur,</strong></span> <span class='ocrx_word' id='word_1_381' title='bbox 581 4046 642 4081; x_wconf 89' lang='lat' dir='ltr'><strong>cum</strong></span> <span class='ocrx_word' id='word_1_382' title='bbox 659 4031 782 4099; x_wconf 90' lang='lat' dir='ltr'><strong>alioquin</strong></span> <span class='ocrx_word' id='word_1_383' title='bbox 803 4030 983 4096; x_wconf 83' lang='lat' dir='ltr'><strong>imperassent</strong></span> <span class='ocrx_word' id='word_1_384' title='bbox 999 4043 1055 4078; x_wconf 88' lang='lat' dir='ltr'><strong>non</strong></span> <span class='ocrx_word' id='word_1_385' title='bbox 1070 4027 1175 4078; x_wconf 88' lang='lat' dir='ltr'><strong>minore</strong></span> <span class='ocrx_word' id='word_1_386' title='bbox 1196 4033 1266 4076; x_wconf 86' lang='lat' dir='ltr'><strong>tern-</strong></span> 
     </span>
     <span class='ocr_line' id='line_1_45' title="bbox 178 4096 1266 4170; baseline -0.004 -22"><span class='ocrx_word' id='word_1_387' title='bbox 178 4099 267 4160; x_wconf 32' lang='lat' dir='ltr'><strong>*poris</strong></span> <span class='ocrx_word' id='word_1_388' title='bbox 288 4101 377 4168; x_wconf 86' lang='lat' dir='ltr'><strong>spatio</strong></span> <span class='ocrx_word' id='word_1_389' title='bbox 393 4117 475 4170; x_wconf 90' lang='lat' dir='ltr'><strong>quam</strong></span> <span class='ocrx_word' id='word_1_390' title='bbox 493 4099 582 4163; x_wconf 87' lang='lat' dir='ltr'><strong>Medi,</strong></span> <span class='ocrx_word' id='word_1_391' title='bbox 610 4100 712 4166; x_wconf 84' lang='lat' dir='ltr'><strong>septem</strong></span> <span class='ocrx_word' id='word_1_392' title='bbox 727 4099 859 4151; x_wconf 85' lang='lat' dir='ltr'><strong>videlicet</strong></span> <span class='ocrx_word' id='word_1_393' title='bbox 877 4098 956 4149; x_wconf 87' lang='lat' dir='ltr'><strong>annis</strong></span> <span class='ocrx_word' id='word_1_394' title='bbox 976 4097 1079 4163; x_wconf 78' lang='lat' dir='ltr'><strong>minus3</strong></span> <span class='ocrx_word' id='word_1_395' title='bbox 1105 4096 1266 4148; x_wconf 75' lang='lat' dir='ltr'><strong>nemetiam</strong></span> 
     </span>
     <span class='ocr_line' id='line_1_46' title="bbox 194 4161 1284 4236; baseline 0.004 -22"><span class='ocrx_word' id='word_1_396' title='bbox 194 4161 245 4216; x_wconf 86' lang='lat' dir='ltr'><strong>hac</strong></span> <span class='ocrx_word' id='word_1_397' title='bbox 269 4170 297 4220; x_wconf 89' lang='lat' dir='ltr'><strong>in</strong></span> <span class='ocrx_word' id='word_1_398' title='bbox 322 4187 351 4221; x_wconf 89' lang='lat' dir='ltr'><strong>re</strong></span> <span class='ocrx_word' id='word_1_399' title='bbox 369 4167 534 4222; x_wconf 86' lang='lat' dir='ltr'><strong>credendum</strong></span> <span class='ocrx_word' id='word_1_400' title='bbox 556 4177 596 4222; x_wconf 83' lang='lat' dir='ltr'><strong>est</strong></span> <span class='ocrx_word' id='word_1_401' title='bbox 619 4168 789 4234; x_wconf 82' lang='lat' dir='ltr'><strong>Polyhistori.</strong></span> <span class='ocrx_word' id='word_1_402' title='bbox 831 4167 899 4220; x_wconf 81' lang='lat' dir='ltr'><strong>cum</strong></span> <span class='ocrx_word' id='word_1_403' title='bbox 927 4167 1019 4236; x_wconf 84' lang='lat' dir='ltr'><strong>itaque</strong></span> <span class='ocrx_word' id='word_1_404' title='bbox 1043 4175 1120 4220; x_wconf 88' lang='lat' dir='ltr'><strong>tanto</strong></span> <span class='ocrx_word' id='word_1_405' title='bbox 1144 4175 1284 4232; x_wconf 50' lang='lat' dir='ltr'><strong>temporo,</strong></span> 
     </span>
     <span class='ocr_line' id='line_1_47' title="bbox 195 4231 1266 4311; baseline -0.002 -21"><span class='ocrx_word' id='word_1_406' title='bbox 195 4233 387 4310; x_wconf 75' lang='lat' dir='ltr'><strong>imperassent,</strong></span> <span class='ocrx_word' id='word_1_407' title='bbox 419 4238 569 4304; x_wconf 69' lang='lat' dir='ltr'><strong>ararites,</strong></span> <span class='ocrx_word' id='word_1_408' title='bbox 594 4245 672 4310; x_wconf 80' lang='lat' dir='ltr'><strong>gente</strong></span> <span class='ocrx_word' id='word_1_409' title='bbox 694 4239 755 4295; x_wconf 85' lang='lat' dir='ltr'><strong>aliis</strong></span> <span class='ocrx_word' id='word_1_410' title='bbox 779 4238 889 4295; x_wconf 78' lang='lat' dir='ltr'><strong>subdiu</strong></span> <span class='ocrx_word' id='word_1_411' title='bbox 906 4239 1073 4311; x_wconf 78' lang='lat' dir='ltr'><strong>minimeque</strong></span> <span class='ocrx_word' id='word_1_412' title='bbox 1092 4244 1170 4293; x_wconf 84' lang='lat' dir='ltr'><strong>autea</strong></span> <span class='ocrx_word' id='word_1_413' title='bbox 1191 4231 1266 4285; x_wconf 83' lang='lat' dir='ltr'><strong>cela-</strong></span> 
     </span>
    </p>
   </div>
   <div class='ocr_carea' id='block_1_5' title="bbox 0 0 1560 4950">
    <p class='ocr_par' dir='ltr' id='par_1_6' title="bbox 0 0 1560 4950">
     <span class='ocr_line' id='line_1_48' title="bbox 0 0 1560 4950; baseline 0 1"><span class='ocrx_word' id='word_1_414' title='bbox 0 0 1560 4950; x_wconf 95' lang='lat' dir='ltr'><strong> </strong></span> 
     </span>
    </p>
   </div>
  </div>
 </body>
</html>
