<?xml version="1.0" encoding="UTF-8"?>
<!DOCTYPE html PUBLIC "-//W3C//DTD XHTML 1.0 Transitional//EN"
    "http://www.w3.org/TR/xhtml1/DTD/xhtml1-transitional.dtd">
<html xmlns="http://www.w3.org/1999/xhtml" xml:lang="en" lang="en">
 <head>
  <title>
</title>
<meta http-equiv="Content-Type" content="text/html;charset=utf-8" />
  <meta name='ocr-system' content='tesseract 3.04.00' />
  <meta name='ocr-capabilities' content='ocr_page ocr_carea ocr_par ocr_line ocrx_word'/>
</head>
<body>
  <div class='ocr_page' id='page_1' title='image "./corpusscriptoru31theogoog/corpusscriptoru31theogoog_0371.png"; bbox 0 0 3109 4950; ppageno 0'>
   <div class='ocr_carea' id='block_1_1' title="bbox 435 331 1226 434">
    <p class='ocr_par' dir='ltr' id='par_1_1' title="bbox 435 331 1226 434">
     <span class='ocr_line' id='line_1_1' title="bbox 435 331 1226 434; baseline 0.005 -16"><span class='ocrx_word' id='word_1_1' title='bbox 435 345 719 420; x_wconf 76' lang='grc' dir='ltr'><em>ιοετοτιιττττι</em></span> <span class='ocrx_word' id='word_1_2' title='bbox 738 358 788 420; x_wconf 82' lang='lat' dir='ltr'><strong>v.</strong></span> <span class='ocrx_word' id='word_1_3' title='bbox 813 360 865 424; x_wconf 89' lang='grc' dir='ltr'><em>ιο.</em></span> <span class='ocrx_word' id='word_1_4' title='bbox 1128 331 1226 434; x_wconf 77' lang='lat'><strong>299²</strong></span> 
     </span>
    </p>
   </div>
   <div class='ocr_carea' id='block_1_2' title="bbox 99 497 1354 2760">
    <p class='ocr_par' dir='ltr' id='par_1_2' title="bbox 123 497 1354 596">
     <span class='ocr_line' id='line_1_2' title="bbox 123 497 1354 596; baseline -0.002 -25"><span class='ocrx_word' id='word_1_5' title='bbox 123 507 175 596; x_wconf 72' lang='grc' dir='ltr'><strong>τῷ</strong></span> <span class='ocrx_word' id='word_1_6' title='bbox 201 503 318 594; x_wconf 79' lang='grc' dir='ltr'><em>ἀπείρῳ</em></span> <span class='ocrx_word' id='word_1_7' title='bbox 338 505 430 571; x_wconf 65' lang='lat' dir='ltr'><strong>atain</strong></span> <span class='ocrx_word' id='word_1_8' title='bbox 453 508 675 594; x_wconf 76' lang='grc' dir='ltr'><em>συμφέρεσδαὶ</em></span> <span class='ocrx_word' id='word_1_9' title='bbox 697 510 834 590; x_wconf 74' lang='grc' dir='ltr'><em>λέγουσι·</em></span> <span class='ocrx_word' id='word_1_10' title='bbox 860 506 917 570; x_wconf 78' lang='grc' dir='ltr'><em>νῦν</em></span> <span class='ocrx_word' id='word_1_11' title='bbox 934 507 995 587; x_wconf 67' lang='grc' dir='ltr'><strong>μὲν</strong></span> <span class='ocrx_word' id='word_1_12' title='bbox 1010 497 1137 588; x_wconf 70' lang='grc' dir='ltr'><em>άμαδάς</em></span> <span class='ocrx_word' id='word_1_13' title='bbox 1155 498 1284 568; x_wconf 66' lang='lat' dir='ltr'><strong>saite.</strong></span> <span class='ocrx_word' id='word_1_14' title='bbox 1303 512 1354 569; x_wconf 77' lang='lat'><strong>558</strong></span> 
     </span>
    </p>

    <p class='ocr_par' dir='ltr' id='par_1_3' title="bbox 125 586 1322 700">
     <span class='ocr_line' id='line_1_3' title="bbox 125 586 1322 700; baseline -0.006 -30"><span class='ocrx_word' id='word_1_15' title='bbox 125 607 341 700; x_wconf 66' lang='grc' dir='ltr'><em>εῦδαιζιιονας,</em></span> <span class='ocrx_word' id='word_1_16' title='bbox 374 605 432 670; x_wconf 90' lang='grc' dir='ltr'><em>νῦν</em></span> <span class='ocrx_word' id='word_1_17' title='bbox 458 605 493 669; x_wconf 80' lang='grc' dir='ltr'><strong>δὲ</strong></span> <span class='ocrx_word' id='word_1_18' title='bbox 513 603 679 690; x_wconf 73' lang='grc' dir='ltr'><em>μοχθηρὰς</em></span> <span class='ocrx_word' id='word_1_19' title='bbox 697 603 752 670; x_wconf 79' lang='grc' dir='ltr'><strong>καὶ</strong></span> <span class='ocrx_word' id='word_1_20' title='bbox 767 599 971 691; x_wconf 87' lang='grc' dir='ltr'><em>ἀποφράδας,</em></span> <span class='ocrx_word' id='word_1_21' title='bbox 999 598 1084 668; x_wconf 76' lang='grc' dir='ltr'><em>εἶναι’</em></span> <span class='ocrx_word' id='word_1_22' title='bbox 1101 626 1135 668; x_wconf 88' lang='grc' dir='ltr'><strong>τε</strong></span> <span class='ocrx_word' id='word_1_23' title='bbox 1154 586 1269 684; x_wconf 55' lang='grc' dir='ltr'><em>τήνω·</em></span> <span class='ocrx_word' id='word_1_24' title='bbox 1289 586 1322 638; x_wconf 75' lang='lat'><strong>³²</strong></span> 
     </span>
    </p>

    <p class='ocr_par' dir='ltr' id='par_1_4' title="bbox 129 697 1308 791">
     <span class='ocr_line' id='line_1_4' title="bbox 129 697 1308 791; baseline -0.002 -23"><span class='ocrx_word' id='word_1_25' title='bbox 129 703 298 791; x_wconf 87' lang='grc' dir='ltr'><em>παροῦσαν</em></span> <span class='ocrx_word' id='word_1_26' title='bbox 321 700 498 790; x_wconf 84' lang='grc' dir='ltr'><em>περιφοράν</em></span> <span class='ocrx_word' id='word_1_27' title='bbox 516 705 551 768; x_wconf 81' lang='grc' dir='ltr'><strong>ἐκ</strong></span> <span class='ocrx_word' id='word_1_28' title='bbox 579 705 643 769; x_wconf 83' lang='grc' dir='ltr'><strong>τών</strong></span> <span class='ocrx_word' id='word_1_29' title='bbox 664 705 815 769; x_wconf 70' lang='grc' dir='ltr'><em>κακιῦτων</em></span> <span class='ocrx_word' id='word_1_30' title='bbox 826 702 952 768; x_wconf 73' lang='grc' dir='ltr'><em>ἐκείνων</em></span> <span class='ocrx_word' id='word_1_31' title='bbox 973 700 1028 767; x_wconf 69' lang='grc' dir='ltr'><em>κατ’</em></span> <span class='ocrx_word' id='word_1_32' title='bbox 1049 697 1217 766; x_wconf 77' lang='grc' dir='ltr'><em>ἀπαισίων·</em></span> <span class='ocrx_word' id='word_1_33' title='bbox 1305 763 1308 766; x_wconf 81' lang='grc'><em>,</em></span> 
     </span>
    </p>

    <p class='ocr_par' dir='ltr' id='par_1_5' title="bbox 108 799 1244 986">
     <span class='ocr_line' id='line_1_5' title="bbox 132 799 1244 886; baseline -0.007 -18"><span class='ocrx_word' id='word_1_34' title='bbox 132 805 281 868; x_wconf 72' lang='grc' dir='ltr'><em>ἐντεῦθεν</em></span> <span class='ocrx_word' id='word_1_35' title='bbox 304 803 469 886; x_wconf 76' lang='grc' dir='ltr'><em>τοιγαροῦν</em></span> <span class='ocrx_word' id='word_1_36' title='bbox 489 806 652 883; x_wconf 65' lang='grc' dir='ltr'><strong>ἱπολέμους</strong></span> <span class='ocrx_word' id='word_1_37' title='bbox 674 826 708 867; x_wconf 88' lang='grc' dir='ltr'><strong>τε</strong></span> <span class='ocrx_word' id='word_1_38' title='bbox 733 802 918 883; x_wconf 76' lang='grc' dir='ltr'><em>ἁπανταχοῦ</em></span> <span class='ocrx_word' id='word_1_39' title='bbox 937 799 1141 879; x_wconf 75' lang='grc' dir='ltr'><em>ξυνίστασδαι</em></span> <span class='ocrx_word' id='word_1_40' title='bbox 1161 800 1216 862; x_wconf 80' lang='grc' dir='ltr'>καί</span> <span class='ocrx_word' id='word_1_41' title='bbox 1223 807 1244 859; x_wconf 88' lang='grc' dir='ltr'><strong>Β</strong></span> 
     </span>
     <span class='ocr_line' id='line_1_6' title="bbox 108 892 1218 986; baseline -0.002 -24"><span class='ocrx_word' id='word_1_42' title='bbox 108 897 263 978; x_wconf 73' lang='grc' dir='ltr'><em>ὅστάσεις</em></span> <span class='ocrx_word' id='word_1_43' title='bbox 288 910 358 978; x_wconf 82' lang='grc' dir='ltr'><em>ταῖς</em></span> <span class='ocrx_word' id='word_1_44' title='bbox 380 897 507 982; x_wconf 81' lang='grc' dir='ltr'><em>πόλεσι,</em></span> <span class='ocrx_word' id='word_1_45' title='bbox 535 905 590 966; x_wconf 83' lang='grc' dir='ltr'><strong><em>καί</em></strong></span> <span class='ocrx_word' id='word_1_46' title='bbox 606 899 645 966; x_wconf 86' lang='grc' dir='ltr'><em>τά</em></span> <span class='ocrx_word' id='word_1_47' title='bbox 666 899 807 986; x_wconf 78' lang='grc' dir='ltr'><em>λοιμώδη</em></span> <span class='ocrx_word' id='word_1_48' title='bbox 831 900 921 984; x_wconf 74' lang='grc' dir='ltr'><em>πάδη</em></span> <span class='ocrx_word' id='word_1_49' title='bbox 944 896 1062 981; x_wconf 88' lang='grc' dir='ltr'><em>μόνιμά</em></span> <span class='ocrx_word' id='word_1_50' title='bbox 1081 922 1115 962; x_wconf 84' lang='grc' dir='ltr'><strong>τε</strong></span> <span class='ocrx_word' id='word_1_51' title='bbox 1135 892 1218 962; x_wconf 84' lang='grc' dir='ltr'><em>εἶναι</em></span> 
     </span>
    </p>

    <p class='ocr_par' dir='ltr' id='par_1_6' title="bbox 132 993 1225 1086">
     <span class='ocr_line' id='line_1_7' title="bbox 132 993 1225 1086; baseline -0.002 -22"><span class='ocrx_word' id='word_1_52' title='bbox 132 1004 194 1065; x_wconf 76' lang='grc' dir='ltr'><strong>καὶ</strong></span> <span class='ocrx_word' id='word_1_53' title='bbox 218 1003 412 1084; x_wconf 81' lang='grc' dir='ltr'><em>συνημμένα.</em></span> <span class='ocrx_word' id='word_1_54' title='bbox 433 1001 546 1086; x_wconf 73' lang='grc' dir='ltr'><strong>Ιἕτεροι</strong></span> <span class='ocrx_word' id='word_1_55' title='bbox 567 1003 603 1066; x_wconf 80' lang='grc' dir='ltr'><strong>δὲ</strong></span> <span class='ocrx_word' id='word_1_56' title='bbox 626 995 721 1086; x_wconf 72' lang='grc' dir='ltr'><em>ἀργὴν</em></span> <span class='ocrx_word' id='word_1_57' title='bbox 747 1002 807 1065; x_wconf 89' lang='grc' dir='ltr'><strong>τοῦ</strong></span> <span class='ocrx_word' id='word_1_58' title='bbox 819 998 992 1086; x_wconf 84' lang='grc' dir='ltr'><em>κρείττονος</em></span> <span class='ocrx_word' id='word_1_59' title='bbox 1014 998 1117 1064; x_wconf 84' lang='grc' dir='ltr'><em>αἰτίαν</em></span> <span class='ocrx_word' id='word_1_60' title='bbox 1138 993 1225 1063; x_wconf 80' lang='grc' dir='ltr'><em>εἶναό</em></span> 
     </span>
    </p>

    <p class='ocr_par' dir='ltr' id='par_1_7' title="bbox 134 1093 1219 1186">
     <span class='ocr_line' id='line_1_8' title="bbox 134 1093 1219 1186; baseline -0.006 -22"><span class='ocrx_word' id='word_1_61' title='bbox 134 1123 222 1186; x_wconf 81' lang='grc' dir='ltr'><em>φασι</em></span> <span class='ocrx_word' id='word_1_62' title='bbox 244 1102 299 1184; x_wconf 80' lang='grc' dir='ltr'><strong>τῆς</strong></span> <span class='ocrx_word' id='word_1_63' title='bbox 322 1100 463 1185; x_wconf 66' lang='grc' dir='ltr'><em>φθοράς,</em></span> <span class='ocrx_word' id='word_1_64' title='bbox 492 1100 663 1180; x_wconf 82' lang='grc' dir='ltr'><em>μετιοῦσαν</em></span> <span class='ocrx_word' id='word_1_65' title='bbox 686 1093 783 1178; x_wconf 82' lang='grc' dir='ltr'><em>ἀξίως</em></span> <span class='ocrx_word' id='word_1_66' title='bbox 802 1097 841 1164; x_wconf 80' lang='grc' dir='ltr'><strong>τά</strong></span> <span class='ocrx_word' id='word_1_67' title='bbox 854 1101 922 1163; x_wconf 80' lang='grc' dir='ltr'><strong>τοῦ</strong></span> <span class='ocrx_word' id='word_1_68' title='bbox 943 1094 1144 1182; x_wconf 71' lang='grc' dir='ltr'><em>ἀνθρωπείου</em></span> <span class='ocrx_word' id='word_1_69' title='bbox 1168 1095 1219 1178; x_wconf 77' lang='grc' dir='ltr'><strong>μὲ-</strong></span> 
     </span>
    </p>

    <p class='ocr_par' dir='ltr' id='par_1_8' title="bbox 134 1194 1222 1282">
     <span class='ocr_line' id='line_1_9' title="bbox 134 1194 1222 1282; baseline -0.006 -20"><span class='ocrx_word' id='word_1_70' title='bbox 134 1222 213 1275; x_wconf 89' lang='grc' dir='ltr'><em>νους</em></span> <span class='ocrx_word' id='word_1_71' title='bbox 232 1194 430 1281; x_wconf 80' lang='grc' dir='ltr'><em>ἀδικήματα,</em></span> <span class='ocrx_word' id='word_1_72' title='bbox 453 1200 510 1262; x_wconf 72' lang='grc' dir='ltr'><em>κατ’</em></span> <span class='ocrx_word' id='word_1_73' title='bbox 529 1195 563 1262; x_wconf 88' lang='grc' dir='ltr'><strong>τό</strong></span> <span class='ocrx_word' id='word_1_74' title='bbox 577 1200 696 1282; x_wconf 69' lang='grc' dir='ltr'><em>πλῆθος</em></span> <span class='ocrx_word' id='word_1_75' title='bbox 712 1197 975 1281; x_wconf 80' lang='grc' dir='ltr'><em>ἀποτεμνομένην.</em></span> <span class='ocrx_word' id='word_1_76' title='bbox 996 1194 1069 1278; x_wconf 73' lang='grc' dir='ltr'><em>ἐμοῦ</em></span> <span class='ocrx_word' id='word_1_77' title='bbox 1085 1196 1120 1259; x_wconf 86' lang='grc' dir='ltr'><strong>δὲ</strong></span> <span class='ocrx_word' id='word_1_78' title='bbox 1136 1196 1222 1257; x_wconf 91' lang='grc' dir='ltr'><em>διαι-</em></span> 
     </span>
    </p>

    <p class='ocr_par' dir='ltr' id='par_1_9' title="bbox 99 1290 1223 1484">
     <span class='ocr_line' id='line_1_10' title="bbox 137 1290 1222 1384; baseline -0.006 -24"><span class='ocrx_word' id='word_1_79' title='bbox 137 1299 199 1384; x_wconf 77' lang='grc' dir='ltr'><strong>τᾷν</strong></span> <span class='ocrx_word' id='word_1_80' title='bbox 219 1291 351 1384; x_wconf 75' lang='grc' dir='ltr'><em>ἑκατέρᾳ</em></span> <span class='ocrx_word' id='word_1_81' title='bbox 372 1293 447 1383; x_wconf 80' lang='grc' dir='ltr'><em>δόξῃ</em></span> <span class='ocrx_word' id='word_1_82' title='bbox 471 1293 526 1359; x_wconf 82' lang='grc' dir='ltr'><strong><em>καί</em></strong></span> <span class='ocrx_word' id='word_1_83' title='bbox 549 1295 787 1381; x_wconf 68' lang='grc' dir='ltr'><em>ἀποφαιῦεσθοιι</em></span> <span class='ocrx_word' id='word_1_84' title='bbox 820 1293 879 1380; x_wconf 73' lang='grc' dir='ltr'><strong>τὴν</strong></span> <span class='ocrx_word' id='word_1_85' title='bbox 914 1290 1130 1378; x_wconf 74' lang='grc' dir='ltr'><em>ἀληθεστάτην</em></span> <span class='ocrx_word' id='word_1_86' title='bbox 1164 1291 1222 1355; x_wconf 86' lang='grc' dir='ltr'><em>οῦκ</em></span> 
     </span>
     <span class='ocr_line' id='line_1_11' title="bbox 99 1390 1223 1484; baseline -0.002 -26"><span class='ocrx_word' id='word_1_87' title='bbox 99 1398 325 1482; x_wconf 82' lang='grc' dir='ltr'><em>ιοὲγχειρητέα</em></span> <span class='ocrx_word' id='word_1_88' title='bbox 334 1444 345 1476; x_wconf 93' lang='grc'><em>,</em></span> <span class='ocrx_word' id='word_1_89' title='bbox 365 1391 463 1477; x_wconf 80' lang='grc' dir='ltr'><em>τυχόν</em></span> <span class='ocrx_word' id='word_1_90' title='bbox 480 1397 540 1476; x_wconf 85' lang='grc' dir='ltr'><strong>μὲν</strong></span> <span class='ocrx_word' id='word_1_91' title='bbox 556 1395 632 1460; x_wconf 76' lang='grc' dir='ltr'><em>οῦδὲ</em></span> <span class='ocrx_word' id='word_1_92' title='bbox 650 1396 856 1484; x_wconf 74' lang='grc' dir='ltr'><em>ἐπισταμένην,</em></span> <span class='ocrx_word' id='word_1_93' title='bbox 878 1391 977 1476; x_wconf 85' lang='grc' dir='ltr'><em>τυχόν</em></span> <span class='ocrx_word' id='word_1_94' title='bbox 997 1395 1042 1475; x_wconf 82' lang='grc' dir='ltr'><em>δὲ,</em></span> <span class='ocrx_word' id='word_1_95' title='bbox 1059 1394 1090 1457; x_wconf 88' lang='grc' dir='ltr'><strong>εἶ</strong></span> <span class='ocrx_word' id='word_1_96' title='bbox 1108 1390 1163 1455; x_wconf 79' lang='grc' dir='ltr'><em>καί</em></span> <span class='ocrx_word' id='word_1_97' title='bbox 1177 1393 1223 1456; x_wconf 77' lang='grc' dir='ltr'><strong>εἴ·</strong></span> 
     </span>
    </p>

    <p class='ocr_par' dir='ltr' id='par_1_10' title="bbox 140 1485 1224 1579">
     <span class='ocr_line' id='line_1_12' title="bbox 140 1485 1224 1579; baseline -0.005 -21"><span class='ocrx_word' id='word_1_98' title='bbox 140 1493 246 1578; x_wconf 80' lang='grc' dir='ltr'><em>δείην,</em></span> <span class='ocrx_word' id='word_1_99' title='bbox 277 1487 346 1557; x_wconf 77' lang='grc' dir='ltr'><strong>ἀλλ’</strong></span> <span class='ocrx_word' id='word_1_100' title='bbox 368 1493 425 1558; x_wconf 86' lang='grc' dir='ltr'><em>οῦκ</em></span> <span class='ocrx_word' id='word_1_101' title='bbox 449 1494 619 1577; x_wconf 80' lang='grc' dir='ltr'><em>ἀναγκαῖον</em></span> <span class='ocrx_word' id='word_1_102' title='bbox 642 1490 735 1558; x_wconf 88' lang='grc' dir='ltr'><em>τοῦτό</em></span> <span class='ocrx_word' id='word_1_103' title='bbox 760 1517 795 1579; x_wconf 75' lang='grc' dir='ltr'><strong>γε</strong></span> <span class='ocrx_word' id='word_1_104' title='bbox 816 1488 896 1557; x_wconf 87' lang='grc' dir='ltr'><em>εἶναι</em></span> <span class='ocrx_word' id='word_1_105' title='bbox 922 1494 1043 1573; x_wconf 89' lang='grc' dir='ltr'><em>δοκοῦν,</em></span> <span class='ocrx_word' id='word_1_106' title='bbox 1079 1485 1154 1555; x_wconf 82' lang='grc' dir='ltr'><em>οῦδὲ</em></span> <span class='ocrx_word' id='word_1_107' title='bbox 1180 1492 1224 1576; x_wconf 76' lang='grc' dir='ltr'><strong>τῷ</strong></span> 
     </span>
    </p>

    <p class='ocr_par' dir='ltr' id='par_1_11' title="bbox 139 1589 1226 1681">
     <span class='ocr_line' id='line_1_13' title="bbox 139 1589 1226 1681; baseline -0.004 -25"><span class='ocrx_word' id='word_1_108' title='bbox 139 1589 276 1678; x_wconf 86' lang='grc' dir='ltr'><em>παρόντι</em></span> <span class='ocrx_word' id='word_1_109' title='bbox 292 1589 372 1681; x_wconf 79' lang='grc' dir='ltr'><em>λόγῳ</em></span> <span class='ocrx_word' id='word_1_110' title='bbox 390 1593 557 1679; x_wconf 79' lang='grc' dir='ltr'><em>προσῆκον·</em></span> <span class='ocrx_word' id='word_1_111' title='bbox 584 1591 685 1675; x_wconf 89' lang='grc' dir='ltr'><em>μόνου</em></span> <span class='ocrx_word' id='word_1_112' title='bbox 710 1591 767 1679; x_wconf 75' lang='grc' dir='ltr'><strong>γάρ</strong></span> <span class='ocrx_word' id='word_1_113' title='bbox 791 1616 849 1673; x_wconf 89' lang='grc' dir='ltr'><em>μοι</em></span> <span class='ocrx_word' id='word_1_114' title='bbox 869 1594 927 1656; x_wconf 89' lang='grc' dir='ltr'><strong>τοῦ</strong></span> <span class='ocrx_word' id='word_1_115' title='bbox 946 1589 1180 1675; x_wconf 78' lang='grc' dir='ltr'><em>συμβεβηκότος</em></span> <span class='ocrx_word' id='word_1_116' title='bbox 1194 1589 1226 1652; x_wconf 78' lang='grc' dir='ltr'><strong>εἰ</strong></span> 
     </span>
    </p>

    <p class='ocr_par' dir='ltr' id='par_1_12' title="bbox 141 1684 1226 1778">
     <span class='ocr_line' id='line_1_14' title="bbox 141 1684 1226 1778; baseline -0.004 -24"><span class='ocrx_word' id='word_1_117' title='bbox 141 1693 199 1758; x_wconf 82' lang='grc' dir='ltr'><strong><em>καί</em></strong></span> <span class='ocrx_word' id='word_1_118' title='bbox 215 1690 266 1756; x_wconf 89' lang='grc' dir='ltr'><strong>διά</strong></span> <span class='ocrx_word' id='word_1_119' title='bbox 283 1692 429 1778; x_wconf 82' lang='grc' dir='ltr'><em>βραχέων</em></span> <span class='ocrx_word' id='word_1_120' title='bbox 461 1693 702 1777; x_wconf 62' lang='lat' dir='ltr'><strong>turmatim,</strong></span> <span class='ocrx_word' id='word_1_121' title='bbox 732 1691 820 1776; x_wconf 76' lang='grc' dir='ltr'><em>ὁτῆς</em></span> <span class='ocrx_word' id='word_1_122' title='bbox 838 1688 978 1778; x_wconf 79' lang='grc' dir='ltr'><em>ἱστορίαις</em></span> <span class='ocrx_word' id='word_1_123' title='bbox 998 1684 1226 1775; x_wconf 75' lang='grc' dir='ltr'><em>ἕκτεδεράπευ-</em></span> 
     </span>
    </p>

    <p class='ocr_par' dir='ltr' id='par_1_13' title="bbox 141 1783 754 1882">
     <span class='ocr_line' id='line_1_15' title="bbox 141 1783 754 1882; baseline -0.007 -24"><span class='ocrx_word' id='word_1_124' title='bbox 141 1816 196 1858; x_wconf 88' lang='grc' dir='ltr'><strong>ται</strong></span> <span class='ocrx_word' id='word_1_125' title='bbox 213 1783 315 1874; x_wconf 78' lang='grc' dir='ltr'><em>νόμος.</em></span> <span class='ocrx_word' id='word_1_126' title='bbox 679 1877 681 1882; x_wconf 23' lang='grc' dir='ltr'>Ι</span> <span class='ocrx_word' id='word_1_127' title='bbox 752 1804 754 1809; x_wconf 85' lang='grc'><strong>’</strong></span> 
     </span>
    </p>

    <p class='ocr_par' dir='ltr' id='par_1_14' title="bbox 104 1877 1316 2372">
     <span class='ocr_line' id='line_1_16' title="bbox 104 1877 1272 1977; baseline -0.002 -26"><span class='ocrx_word' id='word_1_128' title='bbox 104 1886 143 1951; x_wconf 78' lang='lat'><strong>15</strong></span> <span class='ocrx_word' id='word_1_129' title='bbox 228 1890 281 1955; x_wconf 89' lang='grc' dir='ltr'><em>ια’.</em></span> <span class='ocrx_word' id='word_1_130' title='bbox 326 1887 454 1956; x_wconf 87' lang='grc' dir='ltr'><em>Τοῦτων</em></span> <span class='ocrx_word' id='word_1_131' title='bbox 472 1893 507 1957; x_wconf 82' lang='grc' dir='ltr'><strong>δὲ</strong></span> <span class='ocrx_word' id='word_1_132' title='bbox 525 1884 874 1976; x_wconf 76' lang='grc' dir='ltr'><em>οῦτωξυνενεχθὲντων,</em></span> <span class='ocrx_word' id='word_1_133' title='bbox 895 1894 1054 1977; x_wconf 75' lang='grc' dir='ltr'><em>ἐπεγένετο</em></span> <span class='ocrx_word' id='word_1_134' title='bbox 1071 1886 1127 1953; x_wconf 75' lang='grc' dir='ltr'><strong>καὶ</strong></span> <span class='ocrx_word' id='word_1_135' title='bbox 1140 1877 1222 1954; x_wconf 74' lang='grc' dir='ltr'><em>ἀλλα</em></span> <span class='ocrx_word' id='word_1_136' title='bbox 1270 1916 1272 1921; x_wconf 95' lang='grc'><strong><em>·</em></strong></span> 
     </span>
     <span class='ocr_line' id='line_1_17' title="bbox 145 1979 1255 2077; baseline -0.005 -23"><span class='ocrx_word' id='word_1_137' title='bbox 145 1979 225 2054; x_wconf 73' lang='grc' dir='ltr'><em>ἅττα</em></span> <span class='ocrx_word' id='word_1_138' title='bbox 245 1991 282 2076; x_wconf 79' lang='grc' dir='ltr'><strong>τῇ</strong></span> <span class='ocrx_word' id='word_1_139' title='bbox 299 1987 388 2052; x_wconf 81' lang='grc' dir='ltr'><em>πόλει</em></span> <span class='ocrx_word' id='word_1_140' title='bbox 404 1991 474 2054; x_wconf 87' lang='grc' dir='ltr'><em>κατ’</em></span> <span class='ocrx_word' id='word_1_141' title='bbox 494 1990 593 2055; x_wconf 75' lang='grc' dir='ltr'><em>ἐκεῖνο</em></span> <span class='ocrx_word' id='word_1_142' title='bbox 613 1993 672 2054; x_wconf 91' lang='grc' dir='ltr'><strong>τοῦ</strong></span> <span class='ocrx_word' id='word_1_143' title='bbox 693 1994 816 2076; x_wconf 90' lang='grc' dir='ltr'><em>καιροῦ,</em></span> <span class='ocrx_word' id='word_1_144' title='bbox 835 1994 978 2077; x_wconf 80' lang='grc' dir='ltr'><em>ταραχῆς</em></span> <span class='ocrx_word' id='word_1_145' title='bbox 996 2014 1029 2056; x_wconf 88' lang='grc' dir='ltr'><strong>τε</strong></span> <span class='ocrx_word' id='word_1_146' title='bbox 1049 1985 1104 2052; x_wconf 81' lang='grc' dir='ltr'><strong>καὶ</strong></span> <span class='ocrx_word' id='word_1_147' title='bbox 1126 1985 1255 2073; x_wconf 70' lang='grc' dir='ltr'><em>βορά-(ἓ</em></span> 
     </span>
     <span class='ocr_line' id='line_1_18' title="bbox 146 2079 1316 2174; baseline -0.005 -22"><span class='ocrx_word' id='word_1_148' title='bbox 146 2093 205 2172; x_wconf 88' lang='grc' dir='ltr'><strong>βου</strong></span> <span class='ocrx_word' id='word_1_149' title='bbox 227 2085 406 2169; x_wconf 84' lang='grc' dir='ltr'><em>ἀνάμεστα,</em></span> <span class='ocrx_word' id='word_1_150' title='bbox 443 2087 500 2150; x_wconf 81' lang='grc' dir='ltr'><strong><em>καί</em></strong></span> <span class='ocrx_word' id='word_1_151' title='bbox 532 2087 593 2170; x_wconf 80' lang='grc' dir='ltr'><em>οῦχ</em></span> <span class='ocrx_word' id='word_1_152' title='bbox 616 2079 714 2172; x_wconf 81' lang='grc' dir='ltr'><em>ἧσσον</em></span> <span class='ocrx_word' id='word_1_153' title='bbox 738 2091 803 2154; x_wconf 83' lang='grc' dir='ltr'><strong>τών</strong></span> <span class='ocrx_word' id='word_1_154' title='bbox 828 2091 999 2174; x_wconf 74' lang='grc' dir='ltr'><em>εἰρημένων</em></span> <span class='ocrx_word' id='word_1_155' title='bbox 1026 2084 1231 2173; x_wconf 88' lang='grc' dir='ltr'><em>ανιαρότατα.</em></span> <span class='ocrx_word' id='word_1_156' title='bbox 1312 2119 1316 2127; x_wconf 83' lang='grc'><strong><em>·</em></strong></span> 
     </span>
     <span class='ocr_line' id='line_1_19' title="bbox 147 2182 1231 2274; baseline -0.006 -24"><span class='ocrx_word' id='word_1_157' title='bbox 147 2182 240 2251; x_wconf 84' lang='grc' dir='ltr'><em>ῦποῖα</em></span> <span class='ocrx_word' id='word_1_158' title='bbox 259 2187 293 2252; x_wconf 81' lang='grc' dir='ltr'><strong>δὲ</strong></span> <span class='ocrx_word' id='word_1_159' title='bbox 312 2184 412 2251; x_wconf 82' lang='grc' dir='ltr'><em>ταῦτα’</em></span> <span class='ocrx_word' id='word_1_160' title='bbox 425 2186 529 2267; x_wconf 78' lang='grc' dir='ltr'><em>ἔστιν,</em></span> <span class='ocrx_word' id='word_1_161' title='bbox 559 2187 673 2252; x_wconf 84' lang='grc' dir='ltr'><em>αῦτίκα</em></span> <span class='ocrx_word' id='word_1_162' title='bbox 689 2190 769 2274; x_wconf 73' lang='grc' dir='ltr'><em>ἐροῦ,</em></span> <span class='ocrx_word' id='word_1_163' title='bbox 790 2186 896 2273; x_wconf 82' lang='grc' dir='ltr'><em>βραχῦ</em></span> <span class='ocrx_word' id='word_1_164' title='bbox 914 2212 946 2251; x_wconf 91' lang='grc' dir='ltr'><strong>τι</strong></span> <span class='ocrx_word' id='word_1_165' title='bbox 965 2184 1119 2272; x_wconf 87' lang='grc' dir='ltr'><em>πρότερον</em></span> <span class='ocrx_word' id='word_1_166' title='bbox 1148 2185 1231 2256; x_wconf 82' lang='grc' dir='ltr'><em>διεξ-</em></span> 
     </span>
     <span class='ocr_line' id='line_1_20' title="bbox 148 2277 1233 2372; baseline -0.005 -24"><span class='ocrx_word' id='word_1_167' title='bbox 148 2281 252 2351; x_wconf 79' lang='grc' dir='ltr'><em>ελθών</em></span> <span class='ocrx_word' id='word_1_168' title='bbox 272 2287 335 2351; x_wconf 87' lang='grc' dir='ltr'><strong>τών</strong></span> <span class='ocrx_word' id='word_1_169' title='bbox 353 2285 581 2372; x_wconf 78' lang='grc' dir='ltr'><em>ἀρχαιοτέραν.</em></span> <span class='ocrx_word' id='word_1_170' title='bbox 607 2285 638 2354; x_wconf 80' lang='grc' dir='ltr'><strong>οἱ</strong></span> <span class='ocrx_word' id='word_1_171' title='bbox 657 2277 773 2353; x_wconf 81' lang='grc' dir='ltr'><em>Οῦννοι</em></span> <span class='ocrx_word' id='word_1_172' title='bbox 793 2284 937 2370; x_wconf 75' lang='grc' dir='ltr'><em>τὸγένος,</em></span> <span class='ocrx_word' id='word_1_173' title='bbox 955 2284 992 2351; x_wconf 84' lang='grc' dir='ltr'><strong>τό</strong></span> <span class='ocrx_word' id='word_1_174' title='bbox 1018 2286 1080 2367; x_wconf 74' lang='grc' dir='ltr'><strong>μὲν</strong></span> <span class='ocrx_word' id='word_1_175' title='bbox 1099 2277 1233 2347; x_wconf 81' lang='grc' dir='ltr'><em>παλαιόν</em></span> 
     </span>
    </p>

    <p class='ocr_par' dir='ltr' id='par_1_15' title="bbox 107 2374 1336 2670">
     <span class='ocr_line' id='line_1_21' title="bbox 107 2374 1230 2474; baseline -0.008 -22"><span class='ocrx_word' id='word_1_176' title='bbox 107 2381 309 2474; x_wconf 70' lang='grc' dir='ltr'><em>τοκατῴκουν</em></span> <span class='ocrx_word' id='word_1_177' title='bbox 327 2385 383 2470; x_wconf 84' lang='grc' dir='ltr'><strong>τῆς</strong></span> <span class='ocrx_word' id='word_1_178' title='bbox 399 2382 590 2460; x_wconf 74' lang='grc' dir='ltr'><em>Μαιώτιδος</em></span> <span class='ocrx_word' id='word_1_179' title='bbox 611 2382 721 2470; x_wconf 80' lang='grc' dir='ltr'><em>λίμνης</em></span> <span class='ocrx_word' id='word_1_180' title='bbox 739 2385 778 2451; x_wconf 86' lang='grc' dir='ltr'><strong>τά</strong></span> <span class='ocrx_word' id='word_1_181' title='bbox 801 2384 882 2473; x_wconf 84' lang='grc' dir='ltr'><em>πρὸς</em></span> <span class='ocrx_word' id='word_1_182' title='bbox 901 2381 1081 2471; x_wconf 75' lang='grc' dir='ltr'><em>ἀπηλιώτην</em></span> <span class='ocrx_word' id='word_1_183' title='bbox 1104 2374 1230 2462; x_wconf 84' lang='grc' dir='ltr'><em>ἀνεμον,</em></span> 
     </span>
     <span class='ocr_line' id='line_1_22' title="bbox 149 2468 1336 2572; baseline -0.008 -25"><span class='ocrx_word' id='word_1_184' title='bbox 149 2486 205 2549; x_wconf 77' lang='grc' dir='ltr'><strong>καὶ</strong></span> <span class='ocrx_word' id='word_1_185' title='bbox 220 2475 303 2569; x_wconf 76' lang='grc' dir='ltr'><em>ἦσαν</em></span> <span class='ocrx_word' id='word_1_186' title='bbox 323 2485 392 2550; x_wconf 45' lang='grc' dir='ltr'><em>τοῦτ</em></span> <span class='ocrx_word' id='word_1_187' title='bbox 409 2480 563 2560; x_wconf 85' lang='grc' dir='ltr'><em>Τανάϊδος</em></span> <span class='ocrx_word' id='word_1_188' title='bbox 586 2489 732 2567; x_wconf 85' lang='grc' dir='ltr'><em>ποταμοῦ</em></span> <span class='ocrx_word' id='word_1_189' title='bbox 744 2468 981 2572; x_wconf 76' lang='grc' dir='ltr'><em>ἀρκτικώτεροι,</em></span> <span class='ocrx_word' id='word_1_190' title='bbox 1008 2482 1152 2567; x_wconf 75' lang='grc' dir='ltr'><em>καθάπερ</em></span> <span class='ocrx_word' id='word_1_191' title='bbox 1177 2481 1232 2544; x_wconf 85' lang='grc' dir='ltr'><strong><em>καί</em></strong></span> <span class='ocrx_word' id='word_1_192' title='bbox 1239 2484 1273 2539; x_wconf 82' lang='lat' dir='ltr'><strong>V·</strong></span> <span class='ocrx_word' id='word_1_193' title='bbox 1287 2481 1336 2539; x_wconf 70' lang='lat' dir='ltr'><strong>roe</strong></span> 
     </span>
     <span class='ocr_line' id='line_1_23' title="bbox 149 2574 1235 2670; baseline -0.007 -19"><span class='ocrx_word' id='word_1_194' title='bbox 149 2579 188 2651; x_wconf 80' lang='grc' dir='ltr'><strong>τὰ</strong></span> <span class='ocrx_word' id='word_1_195' title='bbox 209 2574 288 2649; x_wconf 84' lang='grc' dir='ltr'><em>ἀλλα</em></span> <span class='ocrx_word' id='word_1_196' title='bbox 309 2580 459 2670; x_wconf 84' lang='grc' dir='ltr'><em>βάρβαρα</em></span> <span class='ocrx_word' id='word_1_197' title='bbox 476 2580 571 2670; x_wconf 73' lang='grc' dir='ltr'><em>ἔθνη,</em></span> <span class='ocrx_word' id='word_1_198' title='bbox 604 2582 705 2651; x_wconf 82' lang='grc' dir='ltr'><em>ὁπόσα</em></span> <span class='ocrx_word' id='word_1_199' title='bbox 733 2581 820 2662; x_wconf 77' lang='grc' dir='ltr'><em>ἐντός</em></span> <span class='ocrx_word' id='word_1_200' title='bbox 835 2584 963 2667; x_wconf 82' lang='grc' dir='ltr'><em>Ἰμαιόυ</em></span> <span class='ocrx_word' id='word_1_201' title='bbox 985 2574 1081 2669; x_wconf 84' lang='grc' dir='ltr'><em>ῦρους</em></span> <span class='ocrx_word' id='word_1_202' title='bbox 1099 2575 1159 2645; x_wconf 84' lang='grc' dir='ltr'><strong>ἀνά</strong></span> <span class='ocrx_word' id='word_1_203' title='bbox 1177 2578 1235 2664; x_wconf 80' lang='grc' dir='ltr'><strong>τὴν</strong></span> 
     </span>
    </p>

    <p class='ocr_par' dir='ltr' id='par_1_16' title="bbox 225 2675 1236 2760">
     <span class='ocr_line' id='line_1_24' title="bbox 225 2675 1236 2760; baseline -0.001 -21"><span class='ocrx_word' id='word_1_204' title='bbox 225 2702 246 2739; x_wconf 87' lang='grc' dir='ltr'><strong>τ.</strong></span> <span class='ocrx_word' id='word_1_205' title='bbox 264 2680 379 2753; x_wconf 79' lang='grc' dir='ltr'><em>δγαδὰε</em></span> <span class='ocrx_word' id='word_1_206' title='bbox 404 2687 453 2751; x_wconf 76' lang='lat' dir='ltr'><strong>tt,</strong></span> <span class='ocrx_word' id='word_1_207' title='bbox 478 2682 609 2756; x_wconf 71' lang='grc' dir='ltr'><em>ἀμαθοῦς</em></span> <span class='ocrx_word' id='word_1_208' title='bbox 631 2688 702 2758; x_wconf 80' lang='lat' dir='ltr'><strong>vulg.</strong></span> <span class='ocrx_word' id='word_1_209' title='bbox 778 2706 805 2745; x_wconf 77' lang='lat' dir='ltr'><strong>n.</strong></span> <span class='ocrx_word' id='word_1_210' title='bbox 823 2675 976 2760; x_wconf 67' lang='grc' dir='ltr'><em>μοχθηρὰς</em></span> <span class='ocrx_word' id='word_1_211' title='bbox 992 2688 1039 2746; x_wconf 77' lang='lat' dir='ltr'><strong>lt,</strong></span> <span class='ocrx_word' id='word_1_212' title='bbox 1067 2677 1236 2756; x_wconf 70' lang='grc' dir='ltr'><em>μοχθηρούς</em></span> 
     </span>
    </p>
   </div>
   <div class='ocr_carea' id='block_1_3' title="bbox 221 2756 1232 2900">
    <p class='ocr_par' dir='ltr' id='par_1_17' title="bbox 221 2756 1232 2900">
     <span class='ocr_line' id='line_1_25' title="bbox 221 2756 1232 2829; baseline 0.001 -24"><span class='ocrx_word' id='word_1_213' title='bbox 221 2756 293 2826; x_wconf 85' lang='lat' dir='ltr'><strong>vulg.</strong></span> <span class='ocrx_word' id='word_1_214' title='bbox 402 2773 440 2809; x_wconf 80' lang='lat' dir='ltr'><strong>to.</strong></span> <span class='ocrx_word' id='word_1_215' title='bbox 455 2760 482 2807; x_wconf 78' lang='lat' dir='ltr'><strong>ei</strong></span> <span class='ocrx_word' id='word_1_216' title='bbox 498 2774 550 2810; x_wconf 87' lang='lat' dir='ltr'><strong>om.</strong></span> <span class='ocrx_word' id='word_1_217' title='bbox 571 2760 600 2811; x_wconf 86' lang='lat' dir='ltr'><strong>R.</strong></span> <span class='ocrx_word' id='word_1_218' title='bbox 680 2777 721 2813; x_wconf 83' lang='lat' dir='ltr'><strong>rr.</strong></span> <span class='ocrx_word' id='word_1_219' title='bbox 738 2758 796 2812; x_wconf 81' lang='grc' dir='ltr'><em>οῦκ</em></span> <span class='ocrx_word' id='word_1_220' title='bbox 817 2760 1030 2829; x_wconf 80' lang='lat' dir='ltr'><strong>superscriptum</strong></span> <span class='ocrx_word' id='word_1_221' title='bbox 1048 2756 1078 2808; x_wconf 91' lang='lat' dir='ltr'><strong>in</strong></span> <span class='ocrx_word' id='word_1_222' title='bbox 1095 2758 1124 2807; x_wconf 85' lang='lat' dir='ltr'><strong>R.</strong></span> <span class='ocrx_word' id='word_1_223' title='bbox 1144 2772 1160 2807; x_wconf 76' lang='lat' dir='ltr'><strong>s</strong></span> <span class='ocrx_word' id='word_1_224' title='bbox 1180 2767 1232 2807; x_wconf 73' lang='lat' dir='ltr'><strong>ree.</strong></span> 
     </span>
     <span class='ocr_line' id='line_1_26' title="bbox 222 2822 859 2900; baseline 0.005 -23"><span class='ocrx_word' id='word_1_225' title='bbox 222 2840 258 2877; x_wconf 88' lang='lat' dir='ltr'><strong>m.</strong></span> <span class='ocrx_word' id='word_1_226' title='bbox 304 2841 341 2894; x_wconf 81' lang='lat'><strong>¹7·</strong></span> <span class='ocrx_word' id='word_1_227' title='bbox 361 2822 541 2899; x_wconf 72' lang='grc' dir='ltr'><em>ἀνιαρότατα</em></span> <span class='ocrx_word' id='word_1_228' title='bbox 558 2829 588 2881; x_wconf 76' lang='grc' dir='ltr'><strong>Η.</strong></span> <span class='ocrx_word' id='word_1_229' title='bbox 642 2846 683 2883; x_wconf 77' lang='lat'><strong>22·</strong></span> <span class='ocrx_word' id='word_1_230' title='bbox 698 2831 812 2900; x_wconf 80' lang='grc' dir='ltr'><em>Ἶμαίον</em></span> <span class='ocrx_word' id='word_1_231' title='bbox 829 2831 859 2881; x_wconf 80' lang='lat' dir='ltr'><strong>e.</strong></span> 
     </span>
    </p>
   </div>
   <div class='ocr_carea' id='block_1_4' title="bbox 153 2929 1245 4347">
    <p class='ocr_par' dir='ltr' id='par_1_18' title="bbox 153 2929 1245 4347">
     <span class='ocr_line' id='line_1_27' title="bbox 154 2929 1235 3002; baseline -0.004 -21"><span class='ocrx_word' id='word_1_232' title='bbox 154 2936 218 2981; x_wconf 89' lang='lat' dir='ltr'><strong>sunt</strong></span> <span class='ocrx_word' id='word_1_233' title='bbox 234 2930 411 2998; x_wconf 70' lang='lat' dir='ltr'><strong>peritissimi,</strong></span> <span class='ocrx_word' id='word_1_234' title='bbox 442 2937 593 3000; x_wconf 86' lang='lat' dir='ltr'><strong>temporum</strong></span> <span class='ocrx_word' id='word_1_235' title='bbox 614 2932 783 3002; x_wconf 79' lang='lat' dir='ltr'><strong>quorundam</strong></span> <span class='ocrx_word' id='word_1_236' title='bbox 798 2933 981 2985; x_wconf 74' lang='lat' dir='ltr'><strong>revolutiones</strong></span> <span class='ocrx_word' id='word_1_237' title='bbox 996 2934 1027 2985; x_wconf 87' lang='lat' dir='ltr'><strong>in</strong></span> <span class='ocrx_word' id='word_1_238' title='bbox 1047 2929 1157 2983; x_wconf 87' lang='lat' dir='ltr'><strong>infinito</strong></span> <span class='ocrx_word' id='word_1_239' title='bbox 1169 2940 1235 2978; x_wconf 80' lang='lat' dir='ltr'><strong>nevo</strong></span> 
     </span>
     <span class='ocr_line' id='line_1_28' title="bbox 153 3000 1237 3073; baseline -0.008 -18"><span class='ocrx_word' id='word_1_240' title='bbox 153 3001 234 3055; x_wconf 87' lang='lat' dir='ltr'><strong>simul</strong></span> <span class='ocrx_word' id='word_1_241' title='bbox 253 3000 317 3052; x_wconf 83' lang='lat' dir='ltr'><strong>ferri</strong></span> <span class='ocrx_word' id='word_1_242' title='bbox 339 3010 477 3066; x_wconf 79' lang='lat' dir='ltr'><strong>esserunt,</strong></span> <span class='ocrx_word' id='word_1_243' title='bbox 515 3000 596 3054; x_wconf 86' lang='lat' dir='ltr'><strong>modo</strong></span> <span class='ocrx_word' id='word_1_244' title='bbox 619 3003 729 3073; x_wconf 89' lang='lat' dir='ltr'><strong>quidem</strong></span> <span class='ocrx_word' id='word_1_245' title='bbox 751 3001 837 3055; x_wconf 85' lang='lat' dir='ltr'><strong>bonos</strong></span> <span class='ocrx_word' id='word_1_246' title='bbox 859 3021 891 3055; x_wconf 81' lang='lat' dir='ltr'><strong>uo</strong></span> <span class='ocrx_word' id='word_1_247' title='bbox 909 3004 1019 3065; x_wconf 83' lang='lat' dir='ltr'><strong>felices,</strong></span> <span class='ocrx_word' id='word_1_248' title='bbox 1043 3000 1124 3052; x_wconf 90' lang='lat' dir='ltr'><strong>modo</strong></span> <span class='ocrx_word' id='word_1_249' title='bbox 1145 3004 1237 3048; x_wconf 83' lang='lat' dir='ltr'><strong>eutem</strong></span> 
     </span>
     <span class='ocr_line' id='line_1_29' title="bbox 175 3066 1236 3139; baseline -0.006 -18"><span class='ocrx_word' id='word_1_250' title='bbox 175 3086 249 3124; x_wconf 84' lang='lat' dir='ltr'><strong>ravns</strong></span> <span class='ocrx_word' id='word_1_251' title='bbox 266 3079 293 3122; x_wconf 86' lang='lat' dir='ltr'><strong>et</strong></span> <span class='ocrx_word' id='word_1_252' title='bbox 310 3072 459 3123; x_wconf 77' lang='lat' dir='ltr'><strong>infaustas:</strong></span> <span class='ocrx_word' id='word_1_253' title='bbox 490 3088 550 3123; x_wconf 88' lang='lat' dir='ltr'><strong>esse</strong></span> <span class='ocrx_word' id='word_1_254' title='bbox 573 3086 635 3124; x_wconf 90' lang='lat' dir='ltr'><strong>vero</strong></span> <span class='ocrx_word' id='word_1_255' title='bbox 648 3081 820 3139; x_wconf 73' lang='lat' dir='ltr'><strong>praesentem</strong></span> <span class='ocrx_word' id='word_1_256' title='bbox 833 3074 1032 3125; x_wconf 79' lang='lat' dir='ltr'><strong>revolutionem</strong></span> <span class='ocrx_word' id='word_1_257' title='bbox 1054 3087 1088 3123; x_wconf 84' lang='lat' dir='ltr'><strong>ex</strong></span> <span class='ocrx_word' id='word_1_258' title='bbox 1111 3066 1236 3137; x_wconf 84' lang='lat' dir='ltr'><strong>pessimis</strong></span> 
     </span>
     <span class='ocr_line' id='line_1_30' title="bbox 156 3135 1237 3212; baseline -0.012 -13"><span class='ocrx_word' id='word_1_259' title='bbox 156 3144 307 3211; x_wconf 71' lang='lat' dir='ltr'><strong>niteatque</strong></span> <span class='ocrx_word' id='word_1_260' title='bbox 324 3143 459 3205; x_wconf 82' lang='lat' dir='ltr'><strong>infaustis.</strong></span> <span class='ocrx_word' id='word_1_261' title='bbox 485 3142 555 3194; x_wconf 88' lang='lat' dir='ltr'><strong>lline</strong></span> <span class='ocrx_word' id='word_1_262' title='bbox 574 3158 636 3211; x_wconf 84' lang='lat' dir='ltr'><strong>ergo</strong></span> <span class='ocrx_word' id='word_1_263' title='bbox 654 3150 682 3193; x_wconf 90' lang='lat' dir='ltr'><strong>et</strong></span> <span class='ocrx_word' id='word_1_264' title='bbox 699 3142 771 3195; x_wconf 74' lang='lat' dir='ltr'><strong>belle</strong></span> <span class='ocrx_word' id='word_1_265' title='bbox 790 3144 890 3212; x_wconf 83' lang='lat' dir='ltr'><strong>possim</strong></span> <span class='ocrx_word' id='word_1_266' title='bbox 909 3150 938 3193; x_wconf 89' lang='lat' dir='ltr'><strong>et</strong></span> <span class='ocrx_word' id='word_1_267' title='bbox 954 3140 1103 3193; x_wconf 87' lang='lat' dir='ltr'><strong>seditiones</strong></span> <span class='ocrx_word' id='word_1_268' title='bbox 1120 3135 1237 3188; x_wconf 87' lang='lat' dir='ltr'><strong>urbibus</strong></span> 
     </span>
     <span class='ocr_line' id='line_1_31' title="bbox 157 3211 1237 3283; baseline -0.01 -14"><span class='ocrx_word' id='word_1_269' title='bbox 157 3214 223 3269; x_wconf 89' lang='lat' dir='ltr'><strong>oriri</strong></span> <span class='ocrx_word' id='word_1_270' title='bbox 248 3222 331 3283; x_wconf 81' lang='lat' dir='ltr'><strong>atque</strong></span> <span class='ocrx_word' id='word_1_271' title='bbox 350 3214 531 3276; x_wconf 77' lang='lat' dir='ltr'><strong>invalescere,</strong></span> <span class='ocrx_word' id='word_1_272' title='bbox 562 3219 589 3264; x_wconf 90' lang='lat' dir='ltr'><strong>et</strong></span> <span class='ocrx_word' id='word_1_273' title='bbox 611 3211 771 3282; x_wconf 85' lang='lat' dir='ltr'><strong>pestilentes</strong></span> <span class='ocrx_word' id='word_1_274' title='bbox 792 3211 901 3264; x_wconf 80' lang='lat' dir='ltr'><strong>morbos</strong></span> <span class='ocrx_word' id='word_1_275' title='bbox 923 3228 973 3281; x_wconf 88' lang='lat' dir='ltr'><strong>per</strong></span> <span class='ocrx_word' id='word_1_276' title='bbox 993 3211 1110 3262; x_wconf 85' lang='lat' dir='ltr'><strong>multum</strong></span> <span class='ocrx_word' id='word_1_277' title='bbox 1129 3214 1237 3274; x_wconf 88' lang='lat' dir='ltr'><strong>tempus</strong></span> 
     </span>
     <span class='ocr_line' id='line_1_32' title="bbox 159 3276 1239 3356; baseline -0.01 -17"><span class='ocrx_word' id='word_1_278' title='bbox 159 3288 255 3339; x_wconf 82' lang='lat' dir='ltr'><strong>durare</strong></span> <span class='ocrx_word' id='word_1_279' title='bbox 273 3294 355 3356; x_wconf 79' lang='lat' dir='ltr'><strong>utque</strong></span> <span class='ocrx_word' id='word_1_280' title='bbox 376 3281 578 3339; x_wconf 76' lang='lat' dir='ltr'><strong>adhaerescere.</strong></span> <span class='ocrx_word' id='word_1_281' title='bbox 618 3281 674 3333; x_wconf 80' lang='lat' dir='ltr'><strong>Alii</strong></span> <span class='ocrx_word' id='word_1_282' title='bbox 695 3297 758 3333; x_wconf 88' lang='lat' dir='ltr'><strong>vero</strong></span> <span class='ocrx_word' id='word_1_283' title='bbox 785 3282 914 3334; x_wconf 83' lang='lat' dir='ltr'><strong>interitus</strong></span> <span class='ocrx_word' id='word_1_284' title='bbox 937 3291 1044 3333; x_wconf 76' lang='lat' dir='ltr'><strong>censam</strong></span> <span class='ocrx_word' id='word_1_285' title='bbox 1064 3278 1099 3330; x_wconf 84' lang='lat' dir='ltr'><strong>ad</strong></span> <span class='ocrx_word' id='word_1_286' title='bbox 1116 3276 1239 3329; x_wconf 77' lang='lat' dir='ltr'><strong>divinum</strong></span> 
     </span>
     <span class='ocr_line' id='line_1_33' title="bbox 159 3348 1237 3425; baseline -0.008 -17"><span class='ocrx_word' id='word_1_287' title='bbox 159 3358 224 3408; x_wconf 77' lang='lat' dir='ltr'><strong>irum</strong></span> <span class='ocrx_word' id='word_1_288' title='bbox 236 3355 371 3418; x_wconf 81' lang='lat' dir='ltr'><strong>referunt,</strong></span> <span class='ocrx_word' id='word_1_289' title='bbox 388 3370 459 3425; x_wconf 81' lang='lat' dir='ltr'><strong>quae</strong></span> <span class='ocrx_word' id='word_1_290' title='bbox 475 3352 587 3405; x_wconf 82' lang='lat' dir='ltr'><strong>humani</strong></span> <span class='ocrx_word' id='word_1_291' title='bbox 605 3353 708 3421; x_wconf 82' lang='lat' dir='ltr'><strong>generis</strong></span> <span class='ocrx_word' id='word_1_292' title='bbox 725 3360 834 3420; x_wconf 80' lang='lat' dir='ltr'><strong>peecata</strong></span> <span class='ocrx_word' id='word_1_293' title='bbox 848 3354 958 3421; x_wconf 79' lang='lat' dir='ltr'><strong>puniet,</strong></span> <span class='ocrx_word' id='word_1_294' title='bbox 976 3348 1237 3415; x_wconf 85' lang='lat' dir='ltr'><strong>multitudinemque</strong></span> 
     </span>
     <span class='ocr_line' id='line_1_34' title="bbox 160 3417 1238 3495; baseline -0.01 -17"><span class='ocrx_word' id='word_1_295' title='bbox 160 3424 287 3479; x_wconf 78' lang='lat' dir='ltr'><strong>succidet.</strong></span> <span class='ocrx_word' id='word_1_296' title='bbox 322 3425 368 3477; x_wconf 89' lang='lat' dir='ltr'><strong>Me</strong></span> <span class='ocrx_word' id='word_1_297' title='bbox 383 3442 447 3479; x_wconf 85' lang='lat' dir='ltr'><strong>vero</strong></span> <span class='ocrx_word' id='word_1_298' title='bbox 460 3422 495 3475; x_wconf 90' lang='lat' dir='ltr'><strong>de</strong></span> <span class='ocrx_word' id='word_1_299' title='bbox 510 3432 626 3495; x_wconf 88' lang='lat' dir='ltr'><strong>utraque</strong></span> <span class='ocrx_word' id='word_1_300' title='bbox 644 3423 774 3492; x_wconf 89' lang='lat' dir='ltr'><strong>opinione</strong></span> <span class='ocrx_word' id='word_1_301' title='bbox 791 3421 911 3475; x_wconf 80' lang='lat' dir='ltr'><strong>iudicare</strong></span> <span class='ocrx_word' id='word_1_302' title='bbox 941 3424 1129 3491; x_wconf 84' lang='lat' dir='ltr'><strong>verioremque</strong></span> <span class='ocrx_word' id='word_1_303' title='bbox 1143 3417 1238 3469; x_wconf 83' lang='lat' dir='ltr'><strong>decer·</strong></span> 
     </span>
     <span class='ocr_line' id='line_1_35' title="bbox 162 3488 1238 3564; baseline -0.007 -17"><span class='ocrx_word' id='word_1_304' title='bbox 162 3510 226 3547; x_wconf 87' lang='lat' dir='ltr'><strong>nere</strong></span> <span class='ocrx_word' id='word_1_305' title='bbox 241 3492 312 3548; x_wconf 89' lang='lat' dir='ltr'><strong>nihil</strong></span> <span class='ocrx_word' id='word_1_306' title='bbox 324 3496 430 3557; x_wconf 81' lang='lat' dir='ltr'><strong>attinet,</strong></span> <span class='ocrx_word' id='word_1_307' title='bbox 447 3495 491 3547; x_wconf 87' lang='lat' dir='ltr'><strong>vel</strong></span> <span class='ocrx_word' id='word_1_308' title='bbox 507 3494 581 3564; x_wconf 89' lang='lat' dir='ltr'><strong>quod</strong></span> <span class='ocrx_word' id='word_1_309' title='bbox 592 3494 711 3545; x_wconf 78' lang='lat' dir='ltr'><strong>nesciam</strong></span> <span class='ocrx_word' id='word_1_310' title='bbox 724 3493 848 3556; x_wconf 82' lang='lat' dir='ltr'><strong>fortusse,</strong></span> <span class='ocrx_word' id='word_1_311' title='bbox 866 3495 919 3559; x_wconf 86' lang='lat' dir='ltr'><strong>vel,</strong></span> <span class='ocrx_word' id='word_1_312' title='bbox 934 3493 1041 3545; x_wconf 83' lang='lat' dir='ltr'><strong>etiamsi</strong></span> <span class='ocrx_word' id='word_1_313' title='bbox 1058 3488 1238 3552; x_wconf 66' lang='lat' dir='ltr'><strong>forteritiam,</strong></span> 
     </span>
     <span class='ocr_line' id='line_1_36' title="bbox 161 3560 1238 3635; baseline -0.006 -18"><span class='ocrx_word' id='word_1_314' title='bbox 161 3582 256 3635; x_wconf 80' lang='lat' dir='ltr'><strong>perum</strong></span> <span class='ocrx_word' id='word_1_315' title='bbox 273 3572 365 3618; x_wconf 83' lang='lat' dir='ltr'><strong>tamen</strong></span> <span class='ocrx_word' id='word_1_316' title='bbox 385 3566 567 3619; x_wconf 86' lang='lat' dir='ltr'><strong>necessarium</strong></span> <span class='ocrx_word' id='word_1_317' title='bbox 594 3563 624 3621; x_wconf 88' lang='lat' dir='ltr'><strong>id</strong></span> <span class='ocrx_word' id='word_1_318' title='bbox 643 3580 785 3629; x_wconf 83' lang='lat' dir='ltr'><strong>censeam,</strong></span> <span class='ocrx_word' id='word_1_319' title='bbox 811 3580 903 3634; x_wconf 83' lang='lat' dir='ltr'><strong>neque</strong></span> <span class='ocrx_word' id='word_1_320' title='bbox 925 3563 1062 3635; x_wconf 84' lang='lat' dir='ltr'><strong>praesenti</strong></span> <span class='ocrx_word' id='word_1_321' title='bbox 1081 3560 1238 3615; x_wconf 78' lang='lat' dir='ltr'><strong>tractationi</strong></span> 
     </span>
     <span class='ocr_line' id='line_1_37' title="bbox 163 3628 1237 3705; baseline -0.004 -16"><span class='ocrx_word' id='word_1_322' title='bbox 163 3645 381 3689; x_wconf 80' lang='lat' dir='ltr'><strong>consentaneum.</strong></span> <span class='ocrx_word' id='word_1_323' title='bbox 418 3637 454 3688; x_wconf 84' lang='lat' dir='ltr'><strong>si·</strong></span> <span class='ocrx_word' id='word_1_324' title='bbox 469 3636 544 3687; x_wconf 86' lang='lat' dir='ltr'><strong>enim</strong></span> <span class='ocrx_word' id='word_1_325' title='bbox 562 3635 682 3689; x_wconf 86' lang='lat' dir='ltr'><strong>breviter</strong></span> <span class='ocrx_word' id='word_1_326' title='bbox 698 3650 767 3705; x_wconf 83' lang='lat' dir='ltr'><strong>quoe</strong></span> <span class='ocrx_word' id='word_1_327' title='bbox 781 3633 939 3692; x_wconf 84' lang='lat' dir='ltr'><strong>aeciderunt</strong></span> <span class='ocrx_word' id='word_1_328' title='bbox 958 3633 1174 3695; x_wconf 80' lang='lat' dir='ltr'><strong>commemoravi,</strong></span> <span class='ocrx_word' id='word_1_329' title='bbox 1190 3628 1237 3685; x_wconf 83' lang='lat' dir='ltr'><strong>hi·</strong></span> 
     </span>
     <span class='ocr_line' id='line_1_38' title="bbox 161 3706 517 3778; baseline -0.011 -15"><span class='ocrx_word' id='word_1_330' title='bbox 161 3711 261 3767; x_wconf 76' lang='lat' dir='ltr'><strong>storiae</strong></span> <span class='ocrx_word' id='word_1_331' title='bbox 273 3710 326 3778; x_wconf 78' lang='lat' dir='ltr'><strong>legi</strong></span> <span class='ocrx_word' id='word_1_332' title='bbox 335 3706 461 3760; x_wconf 79' lang='lat' dir='ltr'><strong>satisfeci.</strong></span> <span class='ocrx_word' id='word_1_333' title='bbox 515 3760 517 3767; x_wconf 80' lang='grc'><em>,</em></span> 
     </span>
     <span class='ocr_line' id='line_1_39' title="bbox 233 3771 1238 3844; baseline -0.006 -11"><span class='ocrx_word' id='word_1_334' title='bbox 233 3797 271 3833; x_wconf 89' lang='grc' dir='ltr'><strong>τι.</strong></span> <span class='ocrx_word' id='word_1_335' title='bbox 307 3779 382 3829; x_wconf 81' lang='lat' dir='ltr'><strong>Haeo</strong></span> <span class='ocrx_word' id='word_1_336' title='bbox 402 3794 465 3829; x_wconf 85' lang='lat' dir='ltr'><strong>vero</strong></span> <span class='ocrx_word' id='word_1_337' title='bbox 494 3793 554 3829; x_wconf 86' lang='lat' dir='ltr'><strong>eum</strong></span> <span class='ocrx_word' id='word_1_338' title='bbox 584 3779 624 3832; x_wconf 81' lang='lat' dir='ltr'><strong>ite</strong></span> <span class='ocrx_word' id='word_1_339' title='bbox 649 3775 826 3840; x_wconf 81' lang='lat' dir='ltr'><strong>accidissent,</strong></span> <span class='ocrx_word' id='word_1_340' title='bbox 853 3777 908 3830; x_wconf 80' lang='lat' dir='ltr'><strong>alia</strong></span> <span class='ocrx_word' id='word_1_341' title='bbox 927 3778 1010 3829; x_wconf 83' lang='lat' dir='ltr'><strong>etiarn</strong></span> <span class='ocrx_word' id='word_1_342' title='bbox 1034 3771 1169 3844; x_wconf 76' lang='lat' dir='ltr'><strong>quaedem</strong></span> <span class='ocrx_word' id='word_1_343' title='bbox 1188 3791 1238 3844; x_wconf 86' lang='lat' dir='ltr'><strong>per</strong></span> 
     </span>
     <span class='ocr_line' id='line_1_40' title="bbox 163 3845 1239 3919; baseline -0.008 -13"><span class='ocrx_word' id='word_1_344' title='bbox 163 3852 192 3909; x_wconf 90' lang='lat' dir='ltr'><strong>id</strong></span> <span class='ocrx_word' id='word_1_345' title='bbox 204 3860 310 3919; x_wconf 83' lang='lat' dir='ltr'><strong>tempus</strong></span> <span class='ocrx_word' id='word_1_346' title='bbox 324 3846 434 3898; x_wconf 80' lang='lat' dir='ltr'><strong>inurbe</strong></span> <span class='ocrx_word' id='word_1_347' title='bbox 447 3858 596 3901; x_wconf 86' lang='lat' dir='ltr'><strong>evenerunt</strong></span> <span class='ocrx_word' id='word_1_348' title='bbox 609 3849 740 3900; x_wconf 89' lang='lat' dir='ltr'><strong>tumultus</strong></span> <span class='ocrx_word' id='word_1_349' title='bbox 755 3864 787 3899; x_wconf 82' lang='lat' dir='ltr'><strong>ee</strong></span> <span class='ocrx_word' id='word_1_350' title='bbox 800 3848 1014 3917; x_wconf 82' lang='lat' dir='ltr'><strong>perturbationis</strong></span> <span class='ocrx_word' id='word_1_351' title='bbox 1029 3845 1125 3915; x_wconf 80' lang='lat' dir='ltr'><strong>plena,</strong></span> <span class='ocrx_word' id='word_1_352' title='bbox 1147 3861 1239 3915; x_wconf 90' lang='lat' dir='ltr'><strong>neque</strong></span> 
     </span>
     <span class='ocr_line' id='line_1_41' title="bbox 164 3915 1239 3989; baseline -0.007 -16"><span class='ocrx_word' id='word_1_353' title='bbox 164 3924 264 3985; x_wconf 87' lang='lat' dir='ltr'><strong>minus,</strong></span> <span class='ocrx_word' id='word_1_354' title='bbox 281 3933 362 3989; x_wconf 81' lang='lat' dir='ltr'><strong>quum</strong></span> <span class='ocrx_word' id='word_1_355' title='bbox 375 3932 444 3986; x_wconf 85' lang='lat' dir='ltr'><strong>quae</strong></span> <span class='ocrx_word' id='word_1_356' title='bbox 457 3915 582 3980; x_wconf 85' lang='lat' dir='ltr'><strong>diximus,</strong></span> <span class='ocrx_word' id='word_1_357' title='bbox 598 3918 702 3969; x_wconf 77' lang='lat' dir='ltr'><strong>acerba.</strong></span> <span class='ocrx_word' id='word_1_358' title='bbox 721 3917 822 3987; x_wconf 79' lang='lat' dir='ltr'><strong>Qualia</strong></span> <span class='ocrx_word' id='word_1_359' title='bbox 835 3925 927 3970; x_wconf 79' lang='lat' dir='ltr'><strong>sutem</strong></span> <span class='ocrx_word' id='word_1_360' title='bbox 939 3915 1007 3969; x_wconf 80' lang='lat' dir='ltr'><strong>haec</strong></span> <span class='ocrx_word' id='word_1_361' title='bbox 1020 3917 1132 3978; x_wconf 82' lang='lat' dir='ltr'><strong>luerint,</strong></span> <span class='ocrx_word' id='word_1_362' title='bbox 1145 3917 1239 3968; x_wconf 76' lang='lat' dir='ltr'><strong>stetim</strong></span> 
     </span>
     <span class='ocr_line' id='line_1_42' title="bbox 165 3986 1239 4056; baseline -0.011 -9"><span class='ocrx_word' id='word_1_363' title='bbox 165 3994 272 4056; x_wconf 84' lang='lat' dir='ltr'><strong>dicam,</strong></span> <span class='ocrx_word' id='word_1_364' title='bbox 290 3988 313 4041; x_wconf 84' lang='grc' dir='ltr'><strong>εἰ</strong></span> <span class='ocrx_word' id='word_1_365' title='bbox 327 3986 402 4056; x_wconf 90' lang='lat' dir='ltr'><strong>prius</strong></span> <span class='ocrx_word' id='word_1_366' title='bbox 420 3986 538 4039; x_wconf 85' lang='lat' dir='ltr'><strong>breviter</strong></span> <span class='ocrx_word' id='word_1_367' title='bbox 558 3990 706 4039; x_wconf 85' lang='lat' dir='ltr'><strong>vetustiora</strong></span> <span class='ocrx_word' id='word_1_368' title='bbox 723 3987 856 4056; x_wconf 83' lang='lat' dir='ltr'><strong>quaedam</strong></span> <span class='ocrx_word' id='word_1_369' title='bbox 876 4002 1124 4039; x_wconf 79' lang='lat' dir='ltr'><strong>commemoravero.</strong></span> <span class='ocrx_word' id='word_1_370' title='bbox 1160 3987 1239 4038; x_wconf 88' lang='lat' dir='ltr'><strong>Hun-</strong></span> 
     </span>
     <span class='ocr_line' id='line_1_43' title="bbox 165 4056 1237 4131; baseline -0.012 -13"><span class='ocrx_word' id='word_1_371' title='bbox 165 4080 261 4117; x_wconf 84' lang='lat' dir='ltr'><strong>norum</strong></span> <span class='ocrx_word' id='word_1_372' title='bbox 275 4074 339 4131; x_wconf 83' lang='lat' dir='ltr'><strong>gens</strong></span> <span class='ocrx_word' id='word_1_373' title='bbox 354 4057 422 4111; x_wconf 91' lang='lat' dir='ltr'><strong>olim</strong></span> <span class='ocrx_word' id='word_1_374' title='bbox 440 4058 548 4128; x_wconf 88' lang='lat' dir='ltr'><strong>quidem</strong></span> <span class='ocrx_word' id='word_1_375' title='bbox 568 4058 702 4109; x_wconf 76' lang='lat' dir='ltr'><strong>habitavit</strong></span> <span class='ocrx_word' id='word_1_376' title='bbox 716 4058 787 4109; x_wconf 82' lang='lat' dir='ltr'><strong>eirca</strong></span> <span class='ocrx_word' id='word_1_377' title='bbox 802 4075 862 4109; x_wconf 83' lang='lat' dir='ltr'><strong>esm</strong></span> <span class='ocrx_word' id='word_1_378' title='bbox 879 4057 1025 4111; x_wconf 76' lang='lat' dir='ltr'><strong>Maeotidis</strong></span> <span class='ocrx_word' id='word_1_379' title='bbox 1049 4056 1157 4126; x_wconf 81' lang='lat' dir='ltr'><strong>paludis</strong></span> <span class='ocrx_word' id='word_1_380' title='bbox 1175 4072 1237 4124; x_wconf 82' lang='lat' dir='ltr'><strong>par-</strong></span> 
     </span>
     <span class='ocr_line' id='line_1_44' title="bbox 166 4125 1238 4203; baseline -0.01 -19"><span class='ocrx_word' id='word_1_381' title='bbox 166 4142 229 4198; x_wconf 81' lang='lat' dir='ltr'><strong>tem,</strong></span> <span class='ocrx_word' id='word_1_382' title='bbox 240 4148 310 4203; x_wconf 82' lang='lat' dir='ltr'><strong>quse</strong></span> <span class='ocrx_word' id='word_1_383' title='bbox 327 4128 504 4181; x_wconf 82' lang='lat' dir='ltr'><strong>subsolanum</strong></span> <span class='ocrx_word' id='word_1_384' title='bbox 513 4134 623 4181; x_wconf 89' lang='lat' dir='ltr'><strong>ventum</strong></span> <span class='ocrx_word' id='word_1_385' title='bbox 633 4144 724 4179; x_wconf 84' lang='lat' dir='ltr'><strong>versus</strong></span> <span class='ocrx_word' id='word_1_386' title='bbox 736 4136 856 4195; x_wconf 74' lang='lat' dir='ltr'><strong>spectet,</strong></span> <span class='ocrx_word' id='word_1_387' title='bbox 877 4137 1008 4199; x_wconf 82' lang='lat' dir='ltr'><strong>eruntque</strong></span> <span class='ocrx_word' id='word_1_388' title='bbox 1026 4128 1113 4180; x_wconf 78' lang='lat' dir='ltr'><strong>Tenui</strong></span> <span class='ocrx_word' id='word_1_389' title='bbox 1126 4125 1238 4176; x_wconf 87' lang='lat' dir='ltr'><strong>flumine</strong></span> 
     </span>
     <span class='ocr_line' id='line_1_45' title="bbox 167 4191 1238 4274; baseline -0.015 -16"><span class='ocrx_word' id='word_1_390' title='bbox 167 4206 248 4274; x_wconf 74' lang='lat' dir='ltr'><strong>magis</strong></span> <span class='ocrx_word' id='word_1_391' title='bbox 273 4202 517 4274; x_wconf 61' lang='lat' dir='ltr'><strong>septentrionalem</strong></span> <span class='ocrx_word' id='word_1_392' title='bbox 553 4199 781 4271; x_wconf 36' lang='lat' dir='ltr'><strong>quemadmodum,</strong></span> <span class='ocrx_word' id='word_1_393' title='bbox 806 4208 835 4253; x_wconf 90' lang='lat' dir='ltr'><strong>et</strong></span> <span class='ocrx_word' id='word_1_394' title='bbox 860 4200 931 4253; x_wconf 80' lang='lat' dir='ltr'><strong>oliae</strong></span> <span class='ocrx_word' id='word_1_395' title='bbox 952 4199 1083 4256; x_wconf 71' lang='lat' dir='ltr'><strong>barbarae</strong></span> <span class='ocrx_word' id='word_1_396' title='bbox 1104 4191 1238 4256; x_wconf 80' lang='lat' dir='ltr'><strong>nationes,</strong></span> 
     </span>
     <span class='ocr_line' id='line_1_46' title="bbox 170 4270 1245 4347; baseline -0.011 -17"><span class='ocrx_word' id='word_1_397' title='bbox 170 4281 303 4347; x_wconf 67' lang='lat' dir='ltr'><strong>potquot</strong></span> <span class='ocrx_word' id='word_1_398' title='bbox 317 4277 389 4334; x_wconf 75' lang='lat' dir='ltr'><strong>intre</strong></span> <span class='ocrx_word' id='word_1_399' title='bbox 414 4275 516 4328; x_wconf 79' lang='lat' dir='ltr'><strong>Imaum</strong></span> <span class='ocrx_word' id='word_1_400' title='bbox 534 4278 654 4327; x_wconf 83' lang='lat' dir='ltr'><strong>montem</strong></span> <span class='ocrx_word' id='word_1_401' title='bbox 671 4274 701 4327; x_wconf 88' lang='lat' dir='ltr'><strong>in</strong></span> <span class='ocrx_word' id='word_1_402' title='bbox 713 4270 776 4327; x_wconf 77' lang='lat' dir='ltr'><strong>Asis</strong></span> <span class='ocrx_word' id='word_1_403' title='bbox 788 4272 975 4329; x_wconf 80' lang='lat' dir='ltr'><strong>consederunt</strong></span> <span class='ocrx_word' id='word_1_404' title='bbox 1012 4272 1048 4326; x_wconf 84' lang='lat' dir='ltr'><strong>lli</strong></span> <span class='ocrx_word' id='word_1_405' title='bbox 1063 4283 1127 4323; x_wconf 87' lang='lat' dir='ltr'><strong>vero</strong></span> <span class='ocrx_word' id='word_1_406' title='bbox 1145 4276 1245 4319; x_wconf 75' lang='lat' dir='ltr'><strong>omnes-</strong></span> 
     </span>
    </p>
   </div>
   <div class='ocr_carea' id='block_1_5' title="bbox 0 0 1575 4950">
    <p class='ocr_par' dir='ltr' id='par_1_19' title="bbox 0 0 1575 4950">
     <span class='ocr_line' id='line_1_47' title="bbox 0 0 1575 4950; baseline 0 0"><span class='ocrx_word' id='word_1_407' title='bbox 0 0 1575 4950; x_wconf 95' lang='lat' dir='ltr'><strong> </strong></span> 
     </span>
    </p>
   </div>
  </div>
 </body>
</html>
