3109 4950
511 360 837 433 arsionum-1.
858 375 909 438 ar.
1190 330 1244 453 59

196 536 200 553 ·
249 510 297 577 νύξ
334 510 392 579 Ἐν
404 510 502 601 τούτῳ
526 514 600 579 όὲό
626 520 755 601 Ναρσῆς
781 512 820 604 τῇ
837 516 992 603 Ῥαβέννῃ
1017 500 1149 591 ἐπιστός
1159 566 1169 597 ,
1195 515 1374 585 ualles&

166 622 231 687 τοῖς
251 615 390 677 ἐνταῦθα
421 611 653 697 στρατεύμασιν
674 611 844 700 όμιλήσας,
873 613 928 678 καί
949 611 1051 680 πάντα
1077 617 1112 680 ἓν
1144 615 1245 680 δέοντι
1255 605 1274 653 ¹·
1286 604 1306 653 ¹·
1321 605 1356 653 ²⁶

166 713 458 795 καταστησόμενος,
488 713 521 787 ἐς
548 713 722 798 Ἀρίμηνον
749 708 863 799 ε’χιόρει
891 712 949 798 τῆν
976 712 1081 795 πόλιν,
1103 710 1159 790 ξύν
1182 721 1283 790 colel.
1299 726 1334 788 ²4

166 808 274 879 ὁπόσοι
299 805 382 897 αύτῷ
403 808 627 896 καὶπρότερον
645 815 776 877 εἵποντο.
808 809 915 896 ἐπειδὴ
939 800 997 896 γόρ
1021 812 1204 898 Ούάκκαρός
1229 804 1246 875 ό
1301 851 1304 861 ·

148 898 309 990 όθόαρνος
325 905 358 971 τό
375 910 462 989 γένος
484 902 577 995 όλίγτρ
597 906 746 995 πρότερον
770 907 948 993 ἐτεθνήκει,
964 895 1041 993 ἀνὴρ
1056 913 1091 975 ἐν
1105 914 1171 986 τοῖς
1186 904 1253 990 μα’-

165 1012 255 1069 λιστα
278 1003 376 1080 δεινός
387 1030 421 1069 τε
436 1005 491 1069 καί
505 1006 726 1092 φιλοπόλεμος,
759 1006 902 1073 αότίκαό
918 1009 991 1085 παῖς
1008 1006 1156 1073 όέκείνυυ
1169 1010 1252 1073 (lev-¹-

166 1106 312 1185 όίβαλδος
335 1104 446 1188 (τοῦτο
466 1103 526 1189 γὰρ
560 1096 659 1186 όνομα
684 1108 729 1191 aqi
755 1106 868 1194 παιδί)
898 1101 966 1187 ἅμα
999 1115 1063 1182 τοῖς
1090 1102 1251 1187 ἑπομένοις

168 1198 338 1288 Οόόρνοις,
361 1204 488 1283 βασιλεῖ
506 1206 569 1267 τῶν
586 1203 754 1285 Ῥωμαίων
773 1203 983 1291 προσεχώρει,
1014 1205 1071 1271 καί
1097 1207 1130 1281 ἐς
1150 1204 1269 1290 Ἀρί-Β

164 1308 261 1383 μηνον
278 1302 382 1385 παρῆν
408 1298 451 1375 τός
472 1301 569 1365 aleos?
593 1305 637 1389 τῷ
659 1306 771 1388 Ναρσῇ
792 1303 1016 1385 ἐντευξόμενος.
1037 1294 1081 1368 τόν
1098 1303 1137 1388 δὴ
1155 1306 1245 1370 ἕνεκα

110 1400 307 1462 ’ῖοὲνταῦθα
325 1397 379 1461 καί
404 1394 455 1481 όγε
481 1400 611 1485 cipiunt,
636 1402 689 1486 ἐφ’
704 1392 729 1488 ᾧ
747 1397 887 1477 όπαντόλς
907 1404 1030 1490 χρυσίῳ
1050 1408 1246 1487 φιλοφρονηό

165 1498 311 1576 σοίμενος,
324 1497 470 1579 βεβαίους
487 1500 519 1573 ἐς
539 1494 567 1580 ό,
586 1524 617 1564 τι
630 1498 768 1579 μάλιστα
787 1498 857 1583 ἔχοι
869 1500 1060 1583 ’ξυμμάχουςι
1074 1501 1107 1564 όν
1119 1502 1243 1576 τούτοις

166 1596 204 1657 δὲ
228 1588 324 1657 aizoo
342 1595 593 1681 όιημερεύοντος,
621 1591 733 1683 ἄνδρες
760 1601 821 1664 τοῖν
846 1595 998 1683 Φρόγγταν
1018 1601 1052 1675 ἐς
1073 1600 1245 1680 δισχιλίους

170 1692 286 1773 ἄναμίξ
311 1693 401 1771 πεζοί
416 1692 471 1757 καί
482 1693 626 1777 ἱππόται,
645 1698 678 1761 οἳ
690 1695 728 1781 δὴ
741 1698 913 1781 ἐτύγχανον
931 1702 964 1772 ός
983 1694 1128 1783 ἁρπαγάς
1144 1720 1178 1761 τε
1192 1691 1247 1760 καί

166 1790 332 1874 λεηλασίας
346 1794 402 1875 τῆς
420 1792 529 1878 χιόρας
543 1792 606 1857 ύπό
623 1797 684 1861 τῶν
706 1800 865 1882 σφετέρων
887 1794 1048 1879 ἡγεμόνων
1067 1796 1245 1875 σταλέντες,

127 1882 255 1952 molen
273 1891 307 1953 tt
323 1890 422 1972 ἀγχοῦ
440 1894 498 1976 τῆς
518 1888 638 1969 πόλεως
663 1897 876 1982 γεγενημένοι,
897 1891 969 1969 τούς
987 1917 1020 1958 τε
1043 1890 1156 1979 τῖγροός
1178 1882 1245 1957 ἐσί-

166 2010 272 2068 νοντο,
294 1987 348 2051 καί
365 1986 440 2066 τούς
453 1988 531 2072 βόας
546 1986 647 2056 εἷλκον
666 1989 740 2066 τούς
756 1978 930 2077 ἀροτῆρας,
950 1989 1005 2055 καί
1024 1986 1149 2055 ἅπαντα
1170 1987 1245 2075 ἔφε-

165 2104 222 2171 ρον
238 2087 367 2170 iollas,
390 2086 432 2163 σός
453 2091 509 2153 καί
529 2087 627 2156 αύτόν
644 2088 744 2174 δήπου
766 2089 823 2154 τόν
849 2094 983 2175 Ναρσῆν
1002 2087 1246 2175 ἐπιφράσασθαι

163 2182 204 2247 τό
224 2184 404 2267 ποιούμενα.
422 2180 498 2271 ἧστο
516 2186 576 2274 γὰρ
595 2192 630 2264 ἒς
649 2186 790 2275 ύπερῷόν
809 2215 840 2253 τι
862 2186 1017 2270 δωμάτιον
1040 2191 1075 2253 ἐν
1098 2191 1243 2273 περιωπῇ

163 2286 220 2347 τού
239 2284 356 2349 πεδίου.
375 2286 490 2351 αύτίκα
508 2285 546 2371 tr>
568 2282 633 2369 σύν,
655 2284 801 2374 (αἶσχρόν
820 2285 880 2372 γάρ
904 2313 936 2351 τι
955 2286 1009 2351 καί
1023 2282 1145 2369 ἆγεννὲς
1166 2278 1274 2373 ρ’όετοῦ

123 2380 245 2449 sorbas
265 2382 300 2447 τό
319 2382 364 2469 μὴ
388 2384 465 2467 σύχί
478 2386 513 2449 ἐκ
536 2389 599 2451 τῶν
618 2386 783 2473 παρόντων
804 2384 989 2467 ἀμύνασθαι
997 2388 1022 2473 ,)
1045 2381 1171 2469 ὑπεξῄει
1190 2387 1246 2447 τού

165 2474 290 2563 όστεος,
318 2486 413 2547 ἵππου
438 2482 550 2566 ἐπιβὰς
572 2484 782 2570 εύηνιοοτότου
804 2483 860 2549 καί
886 2480 1066 2570 ἇγερτόχου,
1094 2480 1150 2545 καί
1174 2485 1244 2545 οἴου

165 2582 224 2645 orla
242 2574 363 2646 ότακτα
387 2578 574 2657 ἐξάλλεσθαι
594 2583 649 2648 καί
672 2587 819 2673 σκιρτᾷν,
841 2577 922 2647 ἀλλὰ
945 2579 1002 2656 τός
1026 2604 1061 2644 τε
1083 2575 1245 2654 ἐπελάσεις

235 2717 261 2768 3.
277 2704 432 2786 ’Λρτμρνόν
447 2717 518 2786 vulg,
593 2774 600 2799 s
616 2721 641 2772 6.
660 2703 771 2772 ἐκείνου
789 2720 834 2780 lb,
854 2719 937 2785 Intpr.
955 2716 1038 2767 liuius
1047 2713 1149 2786 filius,
1171 2713 1244 2767 ἐκεῖ·

236 2791 285 2841 ν’ὀς
304 2788 374 2856 vulg.
445 2804 469 2854 7.
488 2789 550 2840 Post
564 2804 623 2858 γαρ
636 2789 706 2858 vulg.
719 2789 851 2839 inseritur
867 2781 915 2850 ἦν,
936 2785 1012 2855 quod
1027 2801 1079 2836 om.
1100 2786 1129 2836 ll.
1201 2796 1243 2836 at·

238 2867 269 2905 τε
287 2866 348 2923 post
366 2853 554 2921 εύρνιωτύτσυ
571 2858 621 2908 ins.
638 2875 691 2928 mg.
708 2857 792 2927 bugd.

236 3013 277 3048 ar.
305 2998 411 3048 Interea
425 2986 522 3048 Narseo
536 2999 677 3050 Ravennae
693 2991 852 3058 subsistens,
872 2996 954 3068 alque
968 2984 1039 3048 inter
1054 2986 1154 3062 copias,
1172 3004 1242 3066 quae'

165 3065 206 3116 lbi
221 3073 306 3126 erant,
326 3082 443 3128 versans,
461 3067 542 3118 iebus
560 3068 686 3118 omnibus·
700 3079 770 3120 recte
787 3069 953 3130 constitutis,
966 3064 1117 3116 Ariminum
1132 3083 1243 3116 conces-

165 3138 202 3186 sit
216 3147 276 3186 tum
288 3136 381 3188 eodem
394 3149 447 3207 q'uo
465 3147 545 3189 antea
561 3145 673 3190 venerat
688 3143 826 3190 comitatu.
865 3139 974 3188 Mortuo
991 3137 1062 3186 enim
1080 3135 1163 3202 paulo
1179 3140 1242 3184 ante

164 3205 292 3266 vaccam,
312 3222 407 3274 genere
419 3208 517 3270 Varno,
530 3209 588 3258 viro
606 3209 737 3275 imprimis
760 3209 835 3278 gravi
853 3215 881 3257 et
892 3207 1035 3266 bellicoso,
1050 3203 1142 3254 statim
1149 3203 1243 3253 Theo-

166 3275 294 3326 clibalslus
308 3277 364 3327 eius
382 3277 454 3328 filius
471 3295 531 3328 cum
541 3277 637 3328 Varnis
656 3287 718 3327 euni
735 3277 927 3330 comitantibus
945 3276 979 3325 ad
994 3277 1175 3324 Romanorum
1188 3274 1243 3322 lm-

164 3355 316 3414 peratorem
332 3354 494 3409 accesserat,
515 3355 543 3398 et
558 3347 672 3398 Arimini
689 3357 747 3398 erat
763 3355 893 3416 tanquam
916 3345 956 3395 ibi
968 3345 1108 3394 Narsetem
1125 3359 1244 3393 conveu-

163 3423 258 3478 turus,
286 3433 339 3485 quo
361 3418 442 3468 etiam
463 3419 522 3486 ipse
542 3433 573 3468 ea
598 3417 631 3468 (λε’
650 3433 729 3467 causa
744 3425 877 3478 venerat,
901 3423 932 3464 ut
949 3411 1074 3465 omnibus
1092 3411 1243 3462 liberaliter

165 3503 231 3536 auro
249 3485 356 3538 donatis
376 3487 539 3538 firmissimos
555 3487 622 3538 belli
645 3489 731 3538 socios
749 3485 870 3537 haberet.
907 3485 987 3536 Histe
1011 3483 1091 3534 rebus
1111 3486 1242 3550 occupato

164 3555 287 3616 Nemeto,
305 3557 403 3607 Franci
423 3555 458 3606 ad
471 3557 525 3608 duo
541 3558 626 3608 millia
640 3557 746 3608 mixtim
761 3556 885 3626 peditum
900 3563 928 3605 et
941 3555 1072 3625 equitum,
1093 3551 1141 3622 qni
1154 3568 1170 3600 a
1186 3552 1242 3600 suis'

163 3627 310 3692 praefectis
328 3625 362 3676 ad
382 3627 541 3678 vastandum
557 3635 585 3678 et
601 3621 820 3695 depraedandum
837 3642 928 3695 agrum
952 3631 1029 3675 erant
1048 3620 1153 3681 emissi,
1180 3624 1242 3670 cuni

163 3695 219 3744 iam
236 3696 299 3746 urbi
315 3699 585 3766 appropinquassent,
604 3713 735 3767 agrosque
745 3703 882 3748 vastarent
895 3704 923 3746 et
945 3693 1028 3745 boves
1048 3691 1165 3743 aratores
1180 3689 1255 3766 ³¹³³ss

181 3773 278 3827 erent,
299 3766 443 3836 omniaque
461 3769 615 3834 promiscue
639 3778 748 3836 agerent
768 3785 799 3818 ac
816 3768 931 3827 ferrent,
956 3764 1104 3832 aspiciente
1120 3760 1241 3820 Narsete‚

163 3781 289 3903 laedebat
305 3837 378 3886 enim
393 3838 494 3903 ipsein
510 3837 620 3888 sublimi
635 3838 751 3908 quadarn
764 3837 888 3905 pergula,
906 3834 979 3884 unde
998 3833 1025 3881 in
1045 3834 1171 3911 campum
1184 3823 1243 3910 erat

162 3905 335 3976 prospectus)
351 3914 430 3973 turpe
445 3923 594 3977 parumque
610 3924 766 3974 generosum
782 3916 863 3967 ratus,
877 3905 929 3954 nisi
947 3916 980 3953 ex
992 3905 1021 3952 re
1036 3907 1172 3969 praesenti
1185 3903 1241 3948 vini

162 3977 351 4042 Propulsaret5
367 3976 436 4027 urhe
454 3979 526 4036 enit,
545 3985 690 4028 conscenso
709 3983 795 4046 equo,
817 3976 866 4045 qui
883 3972 998 4023 habenis
1019 3969 1238 4020 audientissimus

163 4054 242 4106 esset,
257 4046 360 4114 pariter
371 4053 399 4098 et
415 4053 558 4114 generosus
576 4063 607 4096 ac
620 4047 712 4106 ferox,
734 4047 838 4114 qn'ique
854 4049 910 4093 non
928 4041 1014 4092 solum
1025 4040 1171 4108 composite
1185 4037 1239 4087 sci*

162 4118 244 4184 teque
254 4117 382 4184 prosilire
398 4125 426 4166 et
439 4115 535 4167 saltare
549 4123 647 4175 nosset,
665 4113 808 4164 sedetiam
823 4115 953 4180 impetum
974 4112 1004 4162 in
1020 4109 1125 4162 bostem
1140 4111 1239 4188 facere,

163 4199 327 4256 cursumque
344 4187 440 4237 sistere
460 4193 487 4236 et
501 4193 573 4236 retro
589 4183 653 4234 serri
668 4201 717 4233 usu
733 4184 817 4233 multo
836 4190 908 4234 esset
922 4181 1049 4242 edoctus,
1075 4188 1103 4231 et
1120 4195 1135 4228 e
1153 4187 1239 4227 coms:

163 4260 220 4306 tatu
236 4273 288 4307 suo
312 4263 449 4326 quotquot
466 4256 506 4308 rei
523 4254 641 4306 bellicae
661 4271 716 4306 non
736 4254 846 4307 omnino
866 4259 943 4305 crant
959 4251 1094 4322 imperiti,
1114 4247 1190 4316 sequi
1208 4249 1238 4295 td
