<?xml version="1.0" encoding="UTF-8"?>
<!DOCTYPE html PUBLIC "-//W3C//DTD XHTML 1.0 Transitional//EN"
    "http://www.w3.org/TR/xhtml1/DTD/xhtml1-transitional.dtd">
<html xmlns="http://www.w3.org/1999/xhtml" xml:lang="en" lang="en">
 <head>
  <title>
</title>
<meta http-equiv="Content-Type" content="text/html;charset=utf-8" />
  <meta name='ocr-system' content='tesseract 3.04.00' />
  <meta name='ocr-capabilities' content='ocr_page ocr_carea ocr_par ocr_line ocrx_word'/>
</head>
<body>
  <div class='ocr_page' id='page_1' title='image "./corpusscriptoru31theogoog/corpusscriptoru31theogoog_0293.png"; bbox 0 0 3109 4950; ppageno 0'>
   <div class='ocr_carea' id='block_1_1' title="bbox 420 334 1196 424">
    <p class='ocr_par' dir='ltr' id='par_1_1' title="bbox 420 334 1196 424">
     <span class='ocr_line' id='line_1_1' title="bbox 420 334 1196 424; baseline -0.004 -25"><span class='ocrx_word' id='word_1_1' title='bbox 420 334 705 401; x_wconf 77' lang='lat' dir='ltr'><strong>ursrouuuuu</strong></span> <span class='ocrx_word' id='word_1_2' title='bbox 734 340 788 402; x_wconf 80' lang='lat' dir='ltr'><strong>w.</strong></span> <span class='ocrx_word' id='word_1_3' title='bbox 819 343 869 406; x_wconf 86' lang='grc' dir='ltr'><strong><em>ιο.</em></strong></span> <span class='ocrx_word' id='word_1_4' title='bbox 1110 340 1196 424; x_wconf 80' lang='lat'><strong>229</strong></span> 
     </span>
    </p>
   </div>
   <div class='ocr_carea' id='block_1_2' title="bbox 40 475 1344 2445">
    <p class='ocr_par' dir='ltr' id='par_1_2' title="bbox 40 475 1344 2445">
     <span class='ocr_line' id='line_1_2' title="bbox 103 475 1344 575; baseline 0.009 -23"><span class='ocrx_word' id='word_1_5' title='bbox 103 492 237 572; x_wconf 85' lang='grc' dir='ltr'><strong><em>χθημεν</em></strong></span> <span class='ocrx_word' id='word_1_6' title='bbox 257 475 315 564; x_wconf 73' lang='grc' dir='ltr'><strong><em>ι’ίνς</em></strong></span> <span class='ocrx_word' id='word_1_7' title='bbox 346 482 386 548; x_wconf 81' lang='grc' dir='ltr'><strong>οδ</strong></span> <span class='ocrx_word' id='word_1_8' title='bbox 404 482 464 571; x_wconf 87' lang='grc' dir='ltr'><strong>γάρ</strong></span> <span class='ocrx_word' id='word_1_9' title='bbox 485 483 587 551; x_wconf 78' lang='grc' dir='ltr'><strong><em>ἔνεστι</em></strong></span> <span class='ocrx_word' id='word_1_10' title='bbox 610 487 687 563; x_wconf 75' lang='grc' dir='ltr'><strong><em>τοῖς</em></strong></span> <span class='ocrx_word' id='word_1_11' title='bbox 709 487 768 575; x_wconf 73' lang='grc' dir='ltr'><strong>τήν</strong></span> <span class='ocrx_word' id='word_1_12' title='bbox 790 482 894 574; x_wconf 76' lang='grc' dir='ltr'><strong><em>άκμὴν</em></strong></span> <span class='ocrx_word' id='word_1_13' title='bbox 913 490 979 554; x_wconf 78' lang='grc' dir='ltr'><strong><em>,τοῦ</em></strong></span> <span class='ocrx_word' id='word_1_14' title='bbox 1004 493 1275 574; x_wconf 59' lang='lat' dir='ltr'><strong>nudatumque.</strong></span> <span class='ocrx_word' id='word_1_15' title='bbox 1292 508 1344 563; x_wconf 76' lang='lat'><strong>555</strong></span> 
     </span>
     <span class='ocr_line' id='line_1_3' title="bbox 106 580 1340 676; baseline 0.002 -26"><span class='ocrx_word' id='word_1_16' title='bbox 106 586 226 671; x_wconf 81' lang='grc' dir='ltr'><strong><em>καιροῦ</em></strong></span> <span class='ocrx_word' id='word_1_17' title='bbox 249 586 463 670; x_wconf 76' lang='grc' dir='ltr'><strong><em>περιορῶντας</em></strong></span> <span class='ocrx_word' id='word_1_18' title='bbox 478 584 534 650; x_wconf 79' lang='grc' dir='ltr'><strong><em>καί</em></strong></span> <span class='ocrx_word' id='word_1_19' title='bbox 552 583 596 670; x_wconf 80' lang='grc' dir='ltr'><strong>μη</strong></span> <span class='ocrx_word' id='word_1_20' title='bbox 615 593 681 661; x_wconf 90' lang='grc' dir='ltr'><strong><em>τοῖς</em></strong></span> <span class='ocrx_word' id='word_1_21' title='bbox 701 591 867 673; x_wconf 79' lang='grc' dir='ltr'><strong><em>πρακτέοις</em></strong></span> <span class='ocrx_word' id='word_1_22' title='bbox 886 585 1139 676; x_wconf 80' lang='grc' dir='ltr'><strong><em>άρμοζομένους,</em></strong></span> <span class='ocrx_word' id='word_1_23' title='bbox 1160 592 1195 656; x_wconf 79' lang='grc' dir='ltr'><strong><em>έν</em></strong></span> <span class='ocrx_word' id='word_1_24' title='bbox 1212 580 1233 634; x_wconf 62' lang='lat' dir='ltr'>L</span> <span class='ocrx_word' id='word_1_25' title='bbox 1253 582 1273 631; x_wconf 85' lang='lat'><strong>¹·</strong></span> <span class='ocrx_word' id='word_1_26' title='bbox 1290 583 1340 652; x_wconf 60' lang='grc' dir='ltr'><strong>’θ’</strong></span> 
     </span>
     <span class='ocr_line' id='line_1_4' title="bbox 105 677 1196 770; baseline 0.005 -23"><span class='ocrx_word' id='word_1_27' title='bbox 105 680 237 769; x_wconf 74' lang='grc' dir='ltr'><strong><em>δστέριγ</em></strong></span> <span class='ocrx_word' id='word_1_28' title='bbox 253 677 288 745; x_wconf 87' lang='grc' dir='ltr'><strong>τό</strong></span> <span class='ocrx_word' id='word_1_29' title='bbox 301 684 492 767; x_wconf 81' lang='grc' dir='ltr'><strong><em>παρειμένον</em></strong></span> <span class='ocrx_word' id='word_1_30' title='bbox 507 677 741 749; x_wconf 83' lang='grc' dir='ltr'><strong><em>άνοικαλεῖσθαι.</em></strong></span> <span class='ocrx_word' id='word_1_31' title='bbox 763 686 900 751; x_wconf 82' lang='grc' dir='ltr'><strong><em>ἐλείπετο</em></strong></span> <span class='ocrx_word' id='word_1_32' title='bbox 918 684 957 770; x_wconf 75' lang='grc' dir='ltr'><strong>δη</strong></span> <span class='ocrx_word' id='word_1_33' title='bbox 975 678 1049 769; x_wconf 76' lang='lat' dir='ltr'><strong>odo,</strong></span> <span class='ocrx_word' id='word_1_34' title='bbox 1070 688 1114 763; x_wconf 78' lang='grc' dir='ltr'><strong><em>ὥς</em></strong></span> <span class='ocrx_word' id='word_1_35' title='bbox 1131 684 1196 755; x_wconf 80' lang='grc' dir='ltr'><strong><em>ἔοι-</em></strong></span> 
     </span>
     <span class='ocr_line' id='line_1_5' title="bbox 107 776 1197 871; baseline 0 -25"><span class='ocrx_word' id='word_1_36' title='bbox 107 806 166 863; x_wconf 87' lang='grc' dir='ltr'><strong>κε,</strong></span> <span class='ocrx_word' id='word_1_37' title='bbox 187 776 271 844; x_wconf 84' lang='grc' dir='ltr'><strong><em>καθά</em></strong></span> <span class='ocrx_word' id='word_1_38' title='bbox 291 804 388 866; x_wconf 91' lang='grc' dir='ltr'><strong><em>φασιν</em></strong></span> <span class='ocrx_word' id='word_1_39' title='bbox 406 778 437 843; x_wconf 82' lang='grc' dir='ltr'><strong>οἱ</strong></span> <span class='ocrx_word' id='word_1_40' title='bbox 453 780 619 869; x_wconf 75' lang='grc' dir='ltr'><strong><em>κατήγοροι</em></strong></span> <span class='ocrx_word' id='word_1_41' title='bbox 626 834 636 863; x_wconf 93' lang='grc'><strong><em>,</em></strong></span> <span class='ocrx_word' id='word_1_42' title='bbox 658 786 746 868; x_wconf 85' lang='grc' dir='ltr'><strong><em>δίκην</em></strong></span> <span class='ocrx_word' id='word_1_43' title='bbox 762 782 832 850; x_wconf 90' lang='grc' dir='ltr'><strong><em>τινά</em></strong></span> <span class='ocrx_word' id='word_1_44' title='bbox 853 792 950 849; x_wconf 81' lang='grc' dir='ltr'><strong><em>κινεῖν</em></strong></span> <span class='ocrx_word' id='word_1_45' title='bbox 969 784 1048 871; x_wconf 84' lang='grc' dir='ltr'><strong><em>πρὸς</em></strong></span> <span class='ocrx_word' id='word_1_46' title='bbox 1070 790 1102 851; x_wconf 90' lang='grc' dir='ltr'><strong><em>Γ</em></strong></span> <span class='ocrx_word' id='word_1_47' title='bbox 1099 790 1197 869; x_wconf 89' lang='grc' dir='ltr'><strong><em>ουβά.</em></strong></span> 
     </span>
     <span class='ocr_line' id='line_1_6' title="bbox 86 873 1197 971; baseline 0.009 -30"><span class='ocrx_word' id='word_1_48' title='bbox 86 880 189 963; x_wconf 75' lang='grc' dir='ltr'><strong><em>5ζην,</em></strong></span> <span class='ocrx_word' id='word_1_49' title='bbox 218 880 272 943; x_wconf 85' lang='grc' dir='ltr'>καί</span> <span class='ocrx_word' id='word_1_50' title='bbox 284 876 435 962; x_wconf 78' lang='grc' dir='ltr'><strong><em>ληρώδεις</em></strong></span> <span class='ocrx_word' id='word_1_51' title='bbox 450 873 572 961; x_wconf 79' lang='grc' dir='ltr'><strong><em>άγιόνας</em></strong></span> <span class='ocrx_word' id='word_1_52' title='bbox 591 880 738 967; x_wconf 82' lang='grc' dir='ltr'><strong><em>ἐγείρειν,</em></strong></span> <span class='ocrx_word' id='word_1_53' title='bbox 762 881 818 947; x_wconf 82' lang='grc' dir='ltr'><em>καί</em></span> <span class='ocrx_word' id='word_1_54' title='bbox 838 886 894 968; x_wconf 76' lang='grc' dir='ltr'><strong>της</strong></span> <span class='ocrx_word' id='word_1_55' title='bbox 917 885 982 947; x_wconf 75' lang='grc' dir='ltr'><strong>τῶν</strong></span> <span class='ocrx_word' id='word_1_56' title='bbox 1002 885 1197 971; x_wconf 75' lang='grc' dir='ltr'><strong><em>πραγμάτων</em></strong></span> 
     </span>
     <span class='ocr_line' id='line_1_7' title="bbox 109 972 1195 1067; baseline 0.006 -26"><span class='ocrx_word' id='word_1_57' title='bbox 109 975 293 1062; x_wconf 72' lang='grc' dir='ltr'><strong><em>ἀσφαλείας</em></strong></span> <span class='ocrx_word' id='word_1_58' title='bbox 310 972 537 1062; x_wconf 72' lang='grc' dir='ltr'><strong><em>ἀνθαιρεῖσθαι</em></strong></span> <span class='ocrx_word' id='word_1_59' title='bbox 552 980 671 1060; x_wconf 83' lang='grc' dir='ltr'><strong><em>μᾶλλον</em></strong></span> <span class='ocrx_word' id='word_1_60' title='bbox 689 978 747 1067; x_wconf 78' lang='grc' dir='ltr'><strong>την</strong></span> <span class='ocrx_word' id='word_1_61' title='bbox 765 982 821 1046; x_wconf 80' lang='grc' dir='ltr'><strong><em>ε’πέ</em></strong></span> <span class='ocrx_word' id='word_1_62' title='bbox 834 990 898 1058; x_wconf 90' lang='grc' dir='ltr'><strong><em>τοῖς</em></strong></span> <span class='ocrx_word' id='word_1_63' title='bbox 911 980 1013 1065; x_wconf 78' lang='grc' dir='ltr'><strong><em>λόγοις</em></strong></span> <span class='ocrx_word' id='word_1_64' title='bbox 1032 985 1195 1066; x_wconf 79' lang='grc' dir='ltr'><strong><em>κομψείαν.</em></strong></span> 
     </span>
     <span class='ocr_line' id='line_1_8' title="bbox 106 1067 1224 1167; baseline 0.006 -28"><span class='ocrx_word' id='word_1_65' title='bbox 106 1070 182 1139; x_wconf 73' lang='grc' dir='ltr'><strong><em>ἀλλ’</em></strong></span> <span class='ocrx_word' id='word_1_66' title='bbox 204 1068 242 1137; x_wconf 76' lang='lat' dir='ltr'><strong>od</strong></span> <span class='ocrx_word' id='word_1_67' title='bbox 267 1072 484 1159; x_wconf 77' lang='grc' dir='ltr'><strong><em>συνεχώρουν,</em></strong></span> <span class='ocrx_word' id='word_1_68' title='bbox 522 1067 547 1139; x_wconf 79' lang='grc' dir='ltr'><strong>τό</strong></span> <span class='ocrx_word' id='word_1_69' title='bbox 569 1080 809 1162; x_wconf 88' lang='grc' dir='ltr'><strong><em>κακοδαίμονες,</em></strong></span> <span class='ocrx_word' id='word_1_70' title='bbox 839 1076 868 1144; x_wconf 79' lang='grc' dir='ltr'><strong>οἱ</strong></span> <span class='ocrx_word' id='word_1_71' title='bbox 891 1082 1021 1167; x_wconf 86' lang='grc' dir='ltr'><strong><em>Πέρσαι</em></strong></span> <span class='ocrx_word' id='word_1_72' title='bbox 1042 1079 1224 1165; x_wconf 86' lang='grc' dir='ltr'><strong><em>παρόντεςΒ</em></strong></span> 
     </span>
     <span class='ocr_line' id='line_1_9' title="bbox 40 1170 1198 1266; baseline 0.006 -29"><span class='ocrx_word' id='word_1_73' title='bbox 40 1180 46 1194; x_wconf 81' lang='lat'><em>&#39;</em></span> <span class='ocrx_word' id='word_1_74' title='bbox 107 1174 170 1238; x_wconf 75' lang='grc' dir='ltr'><strong>καί</strong></span> <span class='ocrx_word' id='word_1_75' title='bbox 182 1180 246 1247; x_wconf 89' lang='grc' dir='ltr'><strong><em>τοῖς</em></strong></span> <span class='ocrx_word' id='word_1_76' title='bbox 263 1170 364 1258; x_wconf 81' lang='grc' dir='ltr'><strong><em>ἔργοις</em></strong></span> <span class='ocrx_word' id='word_1_77' title='bbox 385 1172 574 1257; x_wconf 81' lang='grc' dir='ltr'><strong><em>ἐγκείμενοι,</em></strong></span> <span class='ocrx_word' id='word_1_78' title='bbox 606 1178 660 1242; x_wconf 77' lang='grc' dir='ltr'><strong>καί</strong></span> <span class='ocrx_word' id='word_1_79' title='bbox 678 1180 735 1261; x_wconf 82' lang='grc' dir='ltr'><strong>τῆς</strong></span> <span class='ocrx_word' id='word_1_80' title='bbox 758 1180 919 1264; x_wconf 75' lang='grc' dir='ltr'><strong><em>Κολχικῆς</em></strong></span> <span class='ocrx_word' id='word_1_81' title='bbox 939 1176 1050 1266; x_wconf 77' lang='grc' dir='ltr'><strong><em>χώρας</em></strong></span> <span class='ocrx_word' id='word_1_82' title='bbox 1074 1178 1198 1263; x_wconf 75' lang='grc' dir='ltr'><strong><em>ἁπάσης</em></strong></span> 
     </span>
     <span class='ocr_line' id='line_1_10' title="bbox 109 1270 1199 1365; baseline 0.006 -29"><span class='ocrx_word' id='word_1_83' title='bbox 109 1280 184 1348; x_wconf 87' lang='grc' dir='ltr'><strong><em>ταῖς</em></strong></span> <span class='ocrx_word' id='word_1_84' title='bbox 210 1270 321 1336; x_wconf 79' lang='grc' dir='ltr'><strong><em>τούτου</em></strong></span> <span class='ocrx_word' id='word_1_85' title='bbox 344 1276 475 1353; x_wconf 80' lang='grc' dir='ltr'><strong><em>βουλαῖς</em></strong></span> <span class='ocrx_word' id='word_1_86' title='bbox 499 1272 772 1357; x_wconf 75' lang='grc' dir='ltr'><strong><em>ἐπιλαμβάνεσθαι</em></strong></span> <span class='ocrx_word' id='word_1_87' title='bbox 794 1280 1091 1365; x_wconf 87' lang='grc' dir='ltr'><strong><em>παρεσκευασμένοι.</em></strong></span> <span class='ocrx_word' id='word_1_88' title='bbox 1128 1275 1199 1342; x_wconf 77' lang='grc' dir='ltr'><strong><em>ἐπεὶ</em></strong></span> 
     </span>
     <span class='ocr_line' id='line_1_11' title="bbox 71 1364 1196 1461; baseline 0.005 -29"><span class='ocrx_word' id='word_1_89' title='bbox 71 1373 153 1435; x_wconf 69' lang='lat' dir='ltr'><strong>rodi</strong></span> <span class='ocrx_word' id='word_1_90' title='bbox 166 1366 368 1452; x_wconf 82' lang='grc' dir='ltr'><strong><em>πανταχόθεν</em></strong></span> <span class='ocrx_word' id='word_1_91' title='bbox 389 1364 404 1433; x_wconf 83' lang='grc' dir='ltr'><strong>ὅ</strong></span> <span class='ocrx_word' id='word_1_92' title='bbox 422 1372 453 1435; x_wconf 91' lang='grc' dir='ltr'>Γ</span> <span class='ocrx_word' id='word_1_93' title='bbox 451 1371 586 1456; x_wconf 83' lang='grc' dir='ltr'><strong><em>ουβάζης</em></strong></span> <span class='ocrx_word' id='word_1_94' title='bbox 604 1368 823 1441; x_wconf 84' lang='grc' dir='ltr'><strong><em>άποδέδεικται</em></strong></span> <span class='ocrx_word' id='word_1_95' title='bbox 837 1375 984 1458; x_wconf 91' lang='grc' dir='ltr'><strong><em>πολέμιός</em></strong></span> <span class='ocrx_word' id='word_1_96' title='bbox 1001 1401 1035 1440; x_wconf 85' lang='grc' dir='ltr'><strong>τε</strong></span> <span class='ocrx_word' id='word_1_97' title='bbox 1047 1377 1102 1441; x_wconf 81' lang='grc' dir='ltr'><strong>καῖ</strong></span> <span class='ocrx_word' id='word_1_98' title='bbox 1119 1399 1196 1461; x_wconf 87' lang='grc' dir='ltr'><strong><em>προ-</em></strong></span> 
     </span>
     <span class='ocr_line' id='line_1_12' title="bbox 112 1464 1197 1560; baseline 0.005 -28"><span class='ocrx_word' id='word_1_99' title='bbox 112 1464 210 1553; x_wconf 87' lang='grc' dir='ltr'><strong><em>δότης</em></strong></span> <span class='ocrx_word' id='word_1_100' title='bbox 221 1518 231 1549; x_wconf 98' lang='grc'><strong><em>,</em></strong></span> <span class='ocrx_word' id='word_1_101' title='bbox 256 1465 311 1531; x_wconf 75' lang='grc' dir='ltr'><strong>καὶ</strong></span> <span class='ocrx_word' id='word_1_102' title='bbox 332 1465 411 1555; x_wconf 85' lang='grc' dir='ltr'><strong><em>πρός</em></strong></span> <span class='ocrx_word' id='word_1_103' title='bbox 431 1468 619 1553; x_wconf 78' lang='grc' dir='ltr'><strong><em>τυραννικὰς</em></strong></span> <span class='ocrx_word' id='word_1_104' title='bbox 638 1470 768 1548; x_wconf 80' lang='grc' dir='ltr'><strong><em>ἐλπίδας</em></strong></span> <span class='ocrx_word' id='word_1_105' title='bbox 794 1468 930 1559; x_wconf 76' lang='grc' dir='ltr'><strong><em>ἠρμένος</em></strong></span> <span class='ocrx_word' id='word_1_106' title='bbox 936 1526 947 1556; x_wconf 93' lang='grc'><strong><em>,</em></strong></span> <span class='ocrx_word' id='word_1_107' title='bbox 976 1473 1013 1539; x_wconf 91' lang='grc' dir='ltr'><strong>τί</strong></span> <span class='ocrx_word' id='word_1_108' title='bbox 1034 1476 1197 1560; x_wconf 77' lang='grc' dir='ltr'><strong><em>διαφέρειν</em></strong></span> 
     </span>
     <span class='ocr_line' id='line_1_13' title="bbox 111 1565 1197 1659; baseline 0.005 -27"><span class='ocrx_word' id='word_1_109' title='bbox 111 1565 234 1632; x_wconf 80' lang='grc' dir='ltr'><strong><em>οἴονται</em></strong></span> <span class='ocrx_word' id='word_1_110' title='bbox 254 1566 364 1653; x_wconf 88' lang='grc' dir='ltr'><strong><em>σφίσιν</em></strong></span> <span class='ocrx_word' id='word_1_111' title='bbox 387 1566 415 1631; x_wconf 82' lang='grc' dir='ltr'><strong>οἱ</strong></span> <span class='ocrx_word' id='word_1_112' title='bbox 433 1566 573 1650; x_wconf 82' lang='grc' dir='ltr'><strong><em>Κόλχοι,</em></strong></span> <span class='ocrx_word' id='word_1_113' title='bbox 602 1566 665 1634; x_wconf 81' lang='grc' dir='ltr'><strong><em>εἴτε</em></strong></span> <span class='ocrx_word' id='word_1_114' title='bbox 688 1574 763 1659; x_wconf 86' lang='grc' dir='ltr'><strong><em>παρ’</em></strong></span> <span class='ocrx_word' id='word_1_115' title='bbox 786 1568 877 1656; x_wconf 74' lang='grc' dir='ltr'><strong><em>ἡμῶν</em></strong></span> <span class='ocrx_word' id='word_1_116' title='bbox 900 1571 963 1637; x_wconf 87' lang='grc' dir='ltr'><strong><em>εἴτε</em></strong></span> <span class='ocrx_word' id='word_1_117' title='bbox 988 1579 1063 1658; x_wconf 87' lang='grc' dir='ltr'><strong><em>παρ’</em></strong></span> <span class='ocrx_word' id='word_1_118' title='bbox 1079 1568 1197 1658; x_wconf 76' lang='grc' dir='ltr'><strong><em>ἑτέρων</em></strong></span> 
     </span>
     <span class='ocr_line' id='line_1_14' title="bbox 111 1656 1197 1754; baseline 0.004 -25"><span class='ocrx_word' id='word_1_119' title='bbox 111 1662 283 1751; x_wconf 75' lang='grc' dir='ltr'><strong><em>άνῄρηταις</em></strong></span> <span class='ocrx_word' id='word_1_120' title='bbox 312 1656 351 1727; x_wconf 78' lang='lat' dir='ltr'><strong>cd</strong></span> <span class='ocrx_word' id='word_1_121' title='bbox 372 1662 431 1751; x_wconf 93' lang='grc' dir='ltr'><strong>γάρ</strong></span> <span class='ocrx_word' id='word_1_122' title='bbox 446 1675 627 1750; x_wconf 87' lang='grc' dir='ltr'><strong><em>στρατηγοῖς</em></strong></span> <span class='ocrx_word' id='word_1_123' title='bbox 644 1665 755 1749; x_wconf 85' lang='grc' dir='ltr'><strong><em>μόνοις</em></strong></span> <span class='ocrx_word' id='word_1_124' title='bbox 770 1663 792 1754; x_wconf 80' lang='grc' dir='ltr'><em>ἢ</em></span> <span class='ocrx_word' id='word_1_125' title='bbox 808 1676 875 1746; x_wconf 86' lang='grc' dir='ltr'><strong><em>τοῖς</em></strong></span> <span class='ocrx_word' id='word_1_126' title='bbox 893 1662 997 1747; x_wconf 85' lang='grc' dir='ltr'><strong><em>άλλως</em></strong></span> <span class='ocrx_word' id='word_1_127' title='bbox 1015 1668 1197 1736; x_wconf 87' lang='grc' dir='ltr'><strong><em>δυνατωτά-</em></strong></span> 
     </span>
     <span class='ocr_line' id='line_1_15' title="bbox 110 1759 1198 1857; baseline 0.004 -30"><span class='ocrx_word' id='word_1_128' title='bbox 110 1762 215 1837; x_wconf 84' lang='grc' dir='ltr'><strong><em>τοιςό</em></strong></span> <span class='ocrx_word' id='word_1_129' title='bbox 235 1766 291 1848; x_wconf 86' lang='grc' dir='ltr'><strong>τῆς</strong></span> <span class='ocrx_word' id='word_1_130' title='bbox 314 1759 440 1839; x_wconf 82' lang='grc' dir='ltr'><strong><em>εάνοίας</em></strong></span> <span class='ocrx_word' id='word_1_131' title='bbox 463 1765 566 1829; x_wconf 80' lang='grc' dir='ltr'><strong><em>ἐθέλει</em></strong></span> <span class='ocrx_word' id='word_1_132' title='bbox 585 1764 699 1844; x_wconf 86' lang='grc' dir='ltr'><strong><em>σκοπός</em></strong></span> <span class='ocrx_word' id='word_1_133' title='bbox 713 1768 896 1854; x_wconf 78' lang='grc' dir='ltr'><strong><em>ἐμφύεσθαι</em></strong></span> <span class='ocrx_word' id='word_1_134' title='bbox 911 1772 968 1835; x_wconf 72' lang='grc' dir='ltr'><strong><em>κατ’</em></strong></span> <span class='ocrx_word' id='word_1_135' title='bbox 987 1767 1198 1857; x_wconf 78' lang='grc' dir='ltr'><strong><em>προσιζάνειν·</em></strong></span> 
     </span>
     <span class='ocr_line' id='line_1_16' title="bbox 75 1856 1198 1954; baseline 0.004 -28"><span class='ocrx_word' id='word_1_136' title='bbox 75 1856 201 1929; x_wconf 77' lang='grc' dir='ltr'><strong><em>ιόάλλά</em></strong></span> <span class='ocrx_word' id='word_1_137' title='bbox 225 1859 321 1927; x_wconf 77' lang='grc' dir='ltr'><strong><em>παντὶ</em></strong></span> <span class='ocrx_word' id='word_1_138' title='bbox 345 1863 390 1951; x_wconf 71' lang='grc' dir='ltr'><strong>τῷ</strong></span> <span class='ocrx_word' id='word_1_139' title='bbox 413 1865 593 1952; x_wconf 78' lang='grc' dir='ltr'><strong><em>βουλομένῳ</em></strong></span> <span class='ocrx_word' id='word_1_140' title='bbox 618 1862 715 1947; x_wconf 89' lang='grc' dir='ltr'><strong><em>βατόν</em></strong></span> <span class='ocrx_word' id='word_1_141' title='bbox 746 1862 846 1950; x_wconf 73' lang='grc' dir='ltr'><strong><em>δήπου</em></strong></span> <span class='ocrx_word' id='word_1_142' title='bbox 878 1872 935 1935; x_wconf 76' lang='grc' dir='ltr'><strong><em>κατ’</em></strong></span> <span class='ocrx_word' id='word_1_143' title='bbox 964 1870 1118 1954; x_wconf 80' lang='grc' dir='ltr'><strong><em>προσῆκον</em></strong></span> <span class='ocrx_word' id='word_1_144' title='bbox 1142 1866 1198 1951; x_wconf 72' lang='grc' dir='ltr'><strong>τῆς</strong></span> 
     </span>
     <span class='ocr_line' id='line_1_17' title="bbox 111 1950 1199 2057; baseline 0.005 -32"><span class='ocrx_word' id='word_1_145' title='bbox 111 1963 149 2025; x_wconf 79' lang='grc' dir='ltr'><strong><em>ἐν</em></strong></span> <span class='ocrx_word' id='word_1_146' title='bbox 164 1950 186 2048; x_wconf 82' lang='grc' dir='ltr'><strong><em>ᾖ</em></strong></span> <span class='ocrx_word' id='word_1_147' title='bbox 203 1960 347 2025; x_wconf 84' lang='grc' dir='ltr'><strong><em>τέτακται</em></strong></span> <span class='ocrx_word' id='word_1_148' title='bbox 368 1958 521 2035; x_wconf 88' lang='grc' dir='ltr'><strong><em>πολιτείοις</em></strong></span> <span class='ocrx_word' id='word_1_149' title='bbox 536 1960 741 2049; x_wconf 77' lang='grc' dir='ltr'><strong><em>διτεραλγεῖν,</em></strong></span> <span class='ocrx_word' id='word_1_150' title='bbox 770 1962 879 2030; x_wconf 78' lang='grc' dir='ltr'><strong><em>καὶτὸ</em></strong></span> <span class='ocrx_word' id='word_1_151' title='bbox 899 1966 985 2057; x_wconf 71' lang='grc' dir='ltr'><strong><em>κοινῇ</em></strong></span> <span class='ocrx_word' id='word_1_152' title='bbox 1003 1975 1146 2031; x_wconf 85' lang='grc' dir='ltr'><strong><em>συνοῖσον</em></strong></span> <span class='ocrx_word' id='word_1_153' title='bbox 1165 1966 1199 2039; x_wconf 80' lang='grc' dir='ltr'><strong><em>ἐς</em></strong></span> 
     </span>
     <span class='ocr_line' id='line_1_18' title="bbox 112 2054 1202 2149; baseline 0.002 -28"><span class='ocrx_word' id='word_1_154' title='bbox 112 2056 251 2139; x_wconf 78' lang='grc' dir='ltr'><strong><em>δύναμιν</em></strong></span> <span class='ocrx_word' id='word_1_155' title='bbox 267 2059 451 2145; x_wconf 75' lang='grc' dir='ltr'><strong><em>κατορθοῦν.</em></strong></span> <span class='ocrx_word' id='word_1_156' title='bbox 481 2054 593 2125; x_wconf 75' lang='grc' dir='ltr'><strong><em>οὐκοῦν</em></strong></span> <span class='ocrx_word' id='word_1_157' title='bbox 609 2060 646 2127; x_wconf 71' lang='grc' dir='ltr'><strong>ἐἰ</strong></span> <span class='ocrx_word' id='word_1_158' title='bbox 665 2064 721 2127; x_wconf 82' lang='grc' dir='ltr'><strong>καῖ</strong></span> <span class='ocrx_word' id='word_1_159' title='bbox 740 2064 893 2149; x_wconf 73' lang='grc' dir='ltr'><strong><em>βδελυροί</em></strong></span> <span class='ocrx_word' id='word_1_160' title='bbox 914 2068 983 2131; x_wconf 85' lang='grc' dir='ltr'><strong><em>κατ’</em></strong></span> <span class='ocrx_word' id='word_1_161' title='bbox 1001 2059 1120 2140; x_wconf 65' lang='lat' dir='ltr'><strong>adrosis</strong></span> <span class='ocrx_word' id='word_1_162' title='bbox 1145 2062 1202 2125; x_wconf 75' lang='lat' dir='ltr'><strong>uui</strong></span> 
     </span>
     <span class='ocr_line' id='line_1_19' title="bbox 112 2154 1227 2248; baseline 0.004 -27"><span class='ocrx_word' id='word_1_163' title='bbox 112 2156 328 2221; x_wconf 88' lang='grc' dir='ltr'><strong><em>κατάπτυστοι</em></strong></span> <span class='ocrx_word' id='word_1_164' title='bbox 350 2155 602 2243; x_wconf 80' lang='grc' dir='ltr'><strong><em>καθεστήκαμεν,</em></strong></span> <span class='ocrx_word' id='word_1_165' title='bbox 631 2154 711 2227; x_wconf 88' lang='grc' dir='ltr'><strong><em>άλλά</em></strong></span> <span class='ocrx_word' id='word_1_166' title='bbox 731 2158 916 2227; x_wconf 89' lang='grc' dir='ltr'><strong><em>πιστότατοι</em></strong></span> <span class='ocrx_word' id='word_1_167' title='bbox 932 2168 1061 2248; x_wconf 90' lang='grc' dir='ltr'><strong><em>βασιλεῖ</em></strong></span> <span class='ocrx_word' id='word_1_168' title='bbox 1072 2157 1126 2226; x_wconf 79' lang='grc' dir='ltr'><strong>καὶ</strong></span> <span class='ocrx_word' id='word_1_169' title='bbox 1141 2173 1227 2245; x_wconf 61' lang='lat' dir='ltr'><strong>poc</strong></span> 
     </span>
     <span class='ocr_line' id='line_1_20' title="bbox 113 2248 1198 2348; baseline 0.001 -29"><span class='ocrx_word' id='word_1_170' title='bbox 113 2254 299 2341; x_wconf 67' lang='lat' dir='ltr'><strong>inceduntur,</strong></span> <span class='ocrx_word' id='word_1_171' title='bbox 317 2252 373 2320; x_wconf 76' lang='grc' dir='ltr'><strong>καί</strong></span> <span class='ocrx_word' id='word_1_172' title='bbox 390 2248 450 2320; x_wconf 83' lang='grc' dir='ltr'><strong><em>οἷοι</em></strong></span> <span class='ocrx_word' id='word_1_173' title='bbox 463 2266 528 2334; x_wconf 92' lang='grc' dir='ltr'><strong><em>τοῖς</em></strong></span> <span class='ocrx_word' id='word_1_174' title='bbox 554 2257 770 2343; x_wconf 79' lang='grc' dir='ltr'><strong><em>ἐπιβουλεύειν</em></strong></span> <span class='ocrx_word' id='word_1_175' title='bbox 779 2264 983 2348; x_wconf 84' lang='grc' dir='ltr'><strong><em>πειρωμένοις</em></strong></span> <span class='ocrx_word' id='word_1_176' title='bbox 999 2260 1045 2344; x_wconf 74' lang='grc' dir='ltr'><strong>μη</strong></span> <span class='ocrx_word' id='word_1_177' title='bbox 1061 2261 1198 2345; x_wconf 79' lang='grc' dir='ltr'><strong><em>ἐφιέναι.</em></strong></span> 
     </span>
     <span class='ocr_line' id='line_1_21' title="bbox 72 2348 1198 2445; baseline 0.001 -29"><span class='ocrx_word' id='word_1_178' title='bbox 72 2355 147 2419; x_wconf 75' lang='grc' dir='ltr'><strong><em>νοεῖ</em></strong></span> <span class='ocrx_word' id='word_1_179' title='bbox 163 2356 199 2419; x_wconf 81' lang='grc' dir='ltr'><strong>δὲ</strong></span> <span class='ocrx_word' id='word_1_180' title='bbox 218 2356 271 2417; x_wconf 86' lang='grc' dir='ltr'><strong>δεῖ</strong></span> <span class='ocrx_word' id='word_1_181' title='bbox 289 2378 321 2418; x_wconf 92' lang='grc' dir='ltr'><strong>τι</strong></span> <span class='ocrx_word' id='word_1_182' title='bbox 342 2352 397 2421; x_wconf 77' lang='grc' dir='ltr'><strong>καῖ</strong></span> <span class='ocrx_word' id='word_1_183' title='bbox 414 2357 507 2420; x_wconf 85' lang='grc' dir='ltr'><strong><em>πλέον</em></strong></span> <span class='ocrx_word' id='word_1_184' title='bbox 525 2360 640 2439; x_wconf 83' lang='grc' dir='ltr'><strong><em>εἰπεῖν,</em></strong></span> <span class='ocrx_word' id='word_1_185' title='bbox 661 2354 730 2423; x_wconf 84' lang='grc' dir='ltr'><strong><em>ἴσθι</em></strong></span> <span class='ocrx_word' id='word_1_186' title='bbox 745 2362 855 2445; x_wconf 79' lang='grc' dir='ltr'><strong><em>σαφῶς</em></strong></span> <span class='ocrx_word' id='word_1_187' title='bbox 875 2348 924 2441; x_wconf 78' lang='grc' dir='ltr'><strong>,ά</strong></span> <span class='ocrx_word' id='word_1_188' title='bbox 942 2354 1082 2438; x_wconf 88' lang='grc' dir='ltr'><strong><em>δικαστά,</em></strong></span> <span class='ocrx_word' id='word_1_189' title='bbox 1103 2350 1198 2419; x_wconf 87' lang='grc' dir='ltr'><strong><em>καλόν</em></strong></span> 
     </span>
    </p>
   </div>
   <div class='ocr_carea' id='block_1_3' title="bbox 114 2447 1198 2730">
    <p class='ocr_par' dir='ltr' id='par_1_3' title="bbox 114 2447 1198 2730">
     <span class='ocr_line' id='line_1_22' title="bbox 114 2447 1198 2544; baseline 0.001 -27"><span class='ocrx_word' id='word_1_190' title='bbox 114 2456 177 2536; x_wconf 77' lang='grc' dir='ltr'><strong><em>μὲν</em></strong></span> <span class='ocrx_word' id='word_1_191' title='bbox 194 2447 236 2530; x_wconf 78' lang='grc' dir='ltr'><strong>τός</strong></span> <span class='ocrx_word' id='word_1_192' title='bbox 252 2453 378 2538; x_wconf 73' lang='grc' dir='ltr'><strong><em>άληθιᾶς</em></strong></span> <span class='ocrx_word' id='word_1_193' title='bbox 395 2452 451 2520; x_wconf 72' lang='grc' dir='ltr'><strong><em>κατ’</em></strong></span> <span class='ocrx_word' id='word_1_194' title='bbox 471 2452 592 2522; x_wconf 88' lang='grc' dir='ltr'><strong><em>δίκαιον</em></strong></span> <span class='ocrx_word' id='word_1_195' title='bbox 611 2453 645 2522; x_wconf 88' lang='grc' dir='ltr'><strong>τὸ</strong></span> <span class='ocrx_word' id='word_1_196' title='bbox 661 2460 734 2544; x_wconf 89' lang='grc' dir='ltr'><strong><em>παρ’</em></strong></span> <span class='ocrx_word' id='word_1_197' title='bbox 750 2454 840 2542; x_wconf 70' lang='grc' dir='ltr'><strong><em>ἡμῶν</em></strong></span> <span class='ocrx_word' id='word_1_198' title='bbox 860 2458 895 2523; x_wconf 81' lang='grc' dir='ltr'><strong><em>έν</em></strong></span> <span class='ocrx_word' id='word_1_199' title='bbox 911 2459 1010 2525; x_wconf 86' lang='grc' dir='ltr'><strong><em>δέοντι</em></strong></span> <span class='ocrx_word' id='word_1_200' title='bbox 1029 2456 1198 2540; x_wconf 72' lang='grc' dir='ltr'><strong><em>τολμηθὲν,</em></strong></span> 
     </span>
     <span class='ocr_line' id='line_1_23' title="bbox 114 2545 1054 2642; baseline 0.003 -25"><span class='ocrx_word' id='word_1_201' title='bbox 114 2549 175 2618; x_wconf 77' lang='grc' dir='ltr'><strong><em>οὖν</em></strong></span> <span class='ocrx_word' id='word_1_202' title='bbox 194 2545 269 2619; x_wconf 83' lang='grc' dir='ltr'><strong><em>άνευ</em></strong></span> <span class='ocrx_word' id='word_1_203' title='bbox 289 2556 325 2618; x_wconf 79' lang='grc' dir='ltr'><strong>δὲ·</strong></span> <span class='ocrx_word' id='word_1_204' title='bbox 344 2557 398 2638; x_wconf 76' lang='grc' dir='ltr'><strong>τῆς</strong></span> <span class='ocrx_word' id='word_1_205' title='bbox 417 2555 474 2619; x_wconf 75' lang='lat' dir='ltr'><strong>roei</strong></span> <span class='ocrx_word' id='word_1_206' title='bbox 490 2554 658 2642; x_wconf 86' lang='grc' dir='ltr'><strong><em>Μαρτίνου</em></strong></span> <span class='ocrx_word' id='word_1_207' title='bbox 679 2553 803 2642; x_wconf 78' lang='grc' dir='ltr'><strong><em>γνώμης</em></strong></span> <span class='ocrx_word' id='word_1_208' title='bbox 823 2557 1054 2642; x_wconf 84' lang='grc' dir='ltr'><strong><em>γεγενημένον.”</em></strong></span> 
     </span>
     <span class='ocr_line' id='line_1_24' title="bbox 186 2653 1198 2730; baseline -0.002 -24"><span class='ocrx_word' id='word_1_209' title='bbox 186 2656 214 2718; x_wconf 80' lang='grc'><strong>5,</strong></span> <span class='ocrx_word' id='word_1_210' title='bbox 232 2653 346 2728; x_wconf 70' lang='lat' dir='ltr'><strong>dysteos</strong></span> <span class='ocrx_word' id='word_1_211' title='bbox 363 2659 393 2710; x_wconf 78' lang='lat' dir='ltr'><strong>a.</strong></span> <span class='ocrx_word' id='word_1_212' title='bbox 433 2658 460 2712; x_wconf 83' lang='lat'><strong>6.</strong></span> <span class='ocrx_word' id='word_1_213' title='bbox 478 2653 678 2729; x_wconf 80' lang='grc' dir='ltr'><strong><em>δνταιριῖοθσι</em></strong></span> <span class='ocrx_word' id='word_1_214' title='bbox 690 2661 721 2717; x_wconf 83' lang='lat' dir='ltr'><strong>R.</strong></span> <span class='ocrx_word' id='word_1_215' title='bbox 744 2675 811 2718; x_wconf 75' lang='lat' dir='ltr'><strong>unu</strong></span> <span class='ocrx_word' id='word_1_216' title='bbox 829 2658 961 2730; x_wconf 82' lang='lat' dir='ltr'><strong>etLugd,</strong></span> <span class='ocrx_word' id='word_1_217' title='bbox 980 2658 1161 2728; x_wconf 71' lang='grc' dir='ltr'><strong><em>ἀπορεῖσθαι</em></strong></span> <span class='ocrx_word' id='word_1_218' title='bbox 1169 2659 1198 2710; x_wconf 82' lang='lat' dir='ltr'><strong>a.</strong></span> 
     </span>
    </p>
   </div>
   <div class='ocr_carea' id='block_1_4' title="bbox 187 2729 1234 2873">
    <p class='ocr_par' dir='ltr' id='par_1_4' title="bbox 187 2729 1234 2873">
     <span class='ocr_line' id='line_1_25' title="bbox 187 2729 1234 2802; baseline -0.002 -20"><span class='ocrx_word' id='word_1_219' title='bbox 187 2745 212 2782; x_wconf 81' lang='lat' dir='ltr'><strong>a·</strong></span> <span class='ocrx_word' id='word_1_220' title='bbox 236 2743 272 2778; x_wconf 86' lang='lat' dir='ltr'><strong>m.</strong></span> <span class='ocrx_word' id='word_1_221' title='bbox 376 2729 400 2781; x_wconf 83' lang='lat'><strong>8.</strong></span> <span class='ocrx_word' id='word_1_222' title='bbox 427 2729 475 2779; x_wconf 84' lang='grc' dir='ltr'><strong>καὶ</strong></span> <span class='ocrx_word' id='word_1_223' title='bbox 491 2729 542 2794; x_wconf 78' lang='grc' dir='ltr'><strong>τῆς</strong></span> <span class='ocrx_word' id='word_1_224' title='bbox 558 2731 593 2784; x_wconf 82' lang='grc' dir='ltr'><strong>Κ.</strong></span> <span class='ocrx_word' id='word_1_225' title='bbox 612 2758 644 2770; x_wconf 92' lang='grc'><strong>-</strong></span> <span class='ocrx_word' id='word_1_226' title='bbox 662 2732 930 2802; x_wconf 80' lang='grc' dir='ltr'><strong><em>παρεσκευασμένοι</em></strong></span> <span class='ocrx_word' id='word_1_227' title='bbox 948 2745 1000 2780; x_wconf 82' lang='lat' dir='ltr'><strong>om·</strong></span> <span class='ocrx_word' id='word_1_228' title='bbox 1019 2730 1047 2782; x_wconf 81' lang='lat' dir='ltr'><strong>li.</strong></span> <span class='ocrx_word' id='word_1_229' title='bbox 1069 2730 1197 2799; x_wconf 82' lang='lat' dir='ltr'><strong>etlutpr.</strong></span> <span class='ocrx_word' id='word_1_230' title='bbox 1230 2766 1234 2772; x_wconf 89' lang='lat'>-</span> 
     </span>
     <span class='ocr_line' id='line_1_26' title="bbox 188 2796 1123 2873; baseline -0.002 -22"><span class='ocrx_word' id='word_1_231' title='bbox 188 2797 235 2852; x_wconf 71' lang='grc' dir='ltr'><strong>16.Ι</strong></span> <span class='ocrx_word' id='word_1_232' title='bbox 248 2801 357 2855; x_wconf 78' lang='grc' dir='ltr'><strong><em>κοινοῖς</em></strong></span> <span class='ocrx_word' id='word_1_233' title='bbox 374 2797 403 2850; x_wconf 83' lang='lat' dir='ltr'><strong>R.</strong></span> <span class='ocrx_word' id='word_1_234' title='bbox 478 2801 516 2856; x_wconf 80' lang='lat' dir='ltr'><strong>stt.</strong></span> <span class='ocrx_word' id='word_1_235' title='bbox 537 2796 753 2871; x_wconf 71' lang='lat' dir='ltr'><strong>paiodp‘dporos</strong></span> <span class='ocrx_word' id='word_1_236' title='bbox 770 2801 841 2873; x_wconf 87' lang='lat' dir='ltr'><strong>vulg.</strong></span> <span class='ocrx_word' id='word_1_237' title='bbox 894 2819 936 2856; x_wconf 82' lang='lat' dir='ltr'><strong>aa.</strong></span> <span class='ocrx_word' id='word_1_238' title='bbox 954 2801 1006 2850; x_wconf 79' lang='grc' dir='ltr'><strong>τοῦ</strong></span> <span class='ocrx_word' id='word_1_239' title='bbox 1024 2815 1077 2853; x_wconf 89' lang='lat' dir='ltr'><strong>om.</strong></span> <span class='ocrx_word' id='word_1_240' title='bbox 1094 2799 1123 2850; x_wconf 85' lang='lat' dir='ltr'><strong>ll.</strong></span> 
     </span>
    </p>
   </div>
   <div class='ocr_carea' id='block_1_5' title="bbox 37 2899 1273 4310">
    <p class='ocr_par' dir='ltr' id='par_1_5' title="bbox 78 2899 1273 4084">
     <span class='ocr_line' id='line_1_27' title="bbox 78 2899 1198 2974; baseline 0.002 -22"><span class='ocrx_word' id='word_1_241' title='bbox 78 2931 80 2936; x_wconf 94' lang='lat'>·</span> <span class='ocrx_word' id='word_1_242' title='bbox 116 2915 172 2954; x_wconf 87' lang='lat' dir='ltr'><strong>nae</strong></span> <span class='ocrx_word' id='word_1_243' title='bbox 190 2899 338 2954; x_wconf 80' lang='lat' dir='ltr'><strong>occasionis</strong></span> <span class='ocrx_word' id='word_1_244' title='bbox 355 2904 520 2958; x_wconf 75' lang='lat' dir='ltr'><strong>momentum</strong></span> <span class='ocrx_word' id='word_1_245' title='bbox 535 2901 706 2972; x_wconf 78' lang='lat' dir='ltr'><strong>neglexerit,</strong></span> <span class='ocrx_word' id='word_1_246' title='bbox 730 2919 823 2974; x_wconf 88' lang='lat' dir='ltr'><strong>neque</strong></span> <span class='ocrx_word' id='word_1_247' title='bbox 839 2905 929 2955; x_wconf 81' lang='lat' dir='ltr'><strong>statim</strong></span> <span class='ocrx_word' id='word_1_248' title='bbox 948 2902 988 2955; x_wconf 88' lang='lat' dir='ltr'><strong>rei</strong></span> <span class='ocrx_word' id='word_1_249' title='bbox 1005 2904 1137 2972; x_wconf 82' lang='lat' dir='ltr'><strong>gerendae</strong></span> <span class='ocrx_word' id='word_1_250' title='bbox 1155 2904 1198 2959; x_wconf 82' lang='lat' dir='ltr'><strong>ia-</strong></span> 
     </span>
     <span class='ocr_line' id='line_1_28' title="bbox 119 2971 1199 3040; baseline 0.002 -18"><span class='ocrx_word' id='word_1_251' title='bbox 119 2971 248 3022; x_wconf 87' lang='lat' dir='ltr'><strong>cultatem</strong></span> <span class='ocrx_word' id='word_1_252' title='bbox 273 2973 439 3040; x_wconf 81' lang='lat' dir='ltr'><strong>arripuerit,</strong></span> <span class='ocrx_word' id='word_1_253' title='bbox 462 2971 561 3022; x_wconf 78' lang='lat' dir='ltr'><strong>frustra</strong></span> <span class='ocrx_word' id='word_1_254' title='bbox 583 2971 684 3024; x_wconf 85' lang='lat' dir='ltr'><strong>deinde</strong></span> <span class='ocrx_word' id='word_1_255' title='bbox 704 2973 915 3040; x_wconf 83' lang='lat' dir='ltr'><strong>praeterlapsam</strong></span> <span class='ocrx_word' id='word_1_256' title='bbox 935 2973 1103 3023; x_wconf 74' lang='lat' dir='ltr'><strong>occasionem</strong></span> <span class='ocrx_word' id='word_1_257' title='bbox 1122 2989 1199 3026; x_wconf 80' lang='lat' dir='ltr'><strong>reso·</strong></span> 
     </span>
     <span class='ocr_line' id='line_1_29' title="bbox 116 3040 1199 3111; baseline 0 -19"><span class='ocrx_word' id='word_1_258' title='bbox 116 3041 199 3099; x_wconf 58' lang='lat' dir='ltr'><strong>cabil,</strong></span> <span class='ocrx_word' id='word_1_259' title='bbox 235 3042 380 3111; x_wconf 82' lang='lat' dir='ltr'><strong>Reliquum</strong></span> <span class='ocrx_word' id='word_1_260' title='bbox 399 3041 482 3110; x_wconf 83' lang='lat' dir='ltr'><strong>igitur</strong></span> <span class='ocrx_word' id='word_1_261' title='bbox 507 3048 565 3093; x_wconf 86' lang='lat' dir='ltr'><strong>erat</strong></span> <span class='ocrx_word' id='word_1_262' title='bbox 590 3041 733 3104; x_wconf 79' lang='lat' dir='ltr'><strong>fortassis,</strong></span> <span class='ocrx_word' id='word_1_263' title='bbox 757 3049 790 3094; x_wconf 89' lang='lat' dir='ltr'><strong>ut</strong></span> <span class='ocrx_word' id='word_1_264' title='bbox 811 3050 978 3093; x_wconf 79' lang='lat' dir='ltr'><strong>accusatores</strong></span> <span class='ocrx_word' id='word_1_265' title='bbox 996 3040 1095 3102; x_wconf 88' lang='lat' dir='ltr'><strong>aiunt,</strong></span> <span class='ocrx_word' id='word_1_266' title='bbox 1120 3041 1199 3092; x_wconf 85' lang='lat' dir='ltr'><strong>litem</strong></span> 
     </span>
     <span class='ocr_line' id='line_1_30' title="bbox 116 3107 1199 3182; baseline 0 -22"><span class='ocrx_word' id='word_1_267' title='bbox 116 3107 253 3182; x_wconf 79' lang='lat' dir='ltr'><strong>qnondam</strong></span> <span class='ocrx_word' id='word_1_268' title='bbox 276 3124 384 3163; x_wconf 87' lang='lat' dir='ltr'><strong>movere</strong></span> <span class='ocrx_word' id='word_1_269' title='bbox 408 3109 536 3174; x_wconf 82' lang='lat' dir='ltr'><strong>Gubazi,</strong></span> <span class='ocrx_word' id='word_1_270' title='bbox 559 3118 588 3162; x_wconf 90' lang='lat' dir='ltr'><strong>et</strong></span> <span class='ocrx_word' id='word_1_271' title='bbox 613 3113 783 3178; x_wconf 76' lang='lat' dir='ltr'><strong>nugatoriam</strong></span> <span class='ocrx_word' id='word_1_272' title='bbox 806 3112 837 3164; x_wconf 93' lang='lat' dir='ltr'><strong>in</strong></span> <span class='ocrx_word' id='word_1_273' title='bbox 864 3110 968 3167; x_wconf 85' lang='lat' dir='ltr'><strong>iudicio</strong></span> <span class='ocrx_word' id='word_1_274' title='bbox 995 3111 1199 3161; x_wconf 84' lang='lat' dir='ltr'><strong>contentionem</strong></span> 
     </span>
     <span class='ocr_line' id='line_1_31' title="bbox 116 3179 1198 3252; baseline -0.004 -20"><span class='ocrx_word' id='word_1_275' title='bbox 116 3181 255 3245; x_wconf 82' lang='lat' dir='ltr'><strong>excitare,</strong></span> <span class='ocrx_word' id='word_1_276' title='bbox 278 3197 425 3252; x_wconf 88' lang='lat' dir='ltr'><strong>rerumque</strong></span> <span class='ocrx_word' id='word_1_277' title='bbox 445 3180 584 3233; x_wconf 86' lang='lat' dir='ltr'><strong>securitati</strong></span> <span class='ocrx_word' id='word_1_278' title='bbox 600 3179 743 3232; x_wconf 86' lang='lat' dir='ltr'><strong>verborum</strong></span> <span class='ocrx_word' id='word_1_279' title='bbox 759 3181 891 3248; x_wconf 87' lang='lat' dir='ltr'><strong>ampullas</strong></span> <span class='ocrx_word' id='word_1_280' title='bbox 908 3179 1052 3247; x_wconf 88' lang='lat' dir='ltr'><strong>praeferre.</strong></span> <span class='ocrx_word' id='word_1_281' title='bbox 1087 3181 1124 3233; x_wconf 78' lang='lat' dir='ltr'><strong>At</strong></span> <span class='ocrx_word' id='word_1_282' title='bbox 1141 3195 1198 3229; x_wconf 91' lang='lat' dir='ltr'><strong>non</strong></span> 
     </span>
     <span class='ocr_line' id='line_1_32' title="bbox 114 3247 1198 3321; baseline -0.002 -19"><span class='ocrx_word' id='word_1_283' title='bbox 114 3251 312 3321; x_wconf 83' lang='lat' dir='ltr'><strong>permittebant</strong></span> <span class='ocrx_word' id='word_1_284' title='bbox 329 3250 395 3316; x_wconf 91' lang='lat' dir='ltr'><strong>boc,</strong></span> <span class='ocrx_word' id='word_1_285' title='bbox 414 3250 535 3303; x_wconf 79' lang='lat' dir='ltr'><strong>emiseni</strong></span> <span class='ocrx_word' id='word_1_286' title='bbox 544 3286 552 3312; x_wconf 94' lang='lat'><strong>,</strong></span> <span class='ocrx_word' id='word_1_287' title='bbox 573 3250 667 3300; x_wconf 85' lang='lat' dir='ltr'><strong>Persae</strong></span> <span class='ocrx_word' id='word_1_288' title='bbox 690 3250 742 3301; x_wconf 86' lang='lat' dir='ltr'><strong>iam</strong></span> <span class='ocrx_word' id='word_1_289' title='bbox 759 3258 914 3318; x_wconf 84' lang='lat' dir='ltr'><strong>praesentes</strong></span> <span class='ocrx_word' id='word_1_290' title='bbox 928 3287 937 3312; x_wconf 91' lang='lat'><strong>,</strong></span> <span class='ocrx_word' id='word_1_291' title='bbox 961 3263 1045 3318; x_wconf 82' lang='lat' dir='ltr'><strong>oeque</strong></span> <span class='ocrx_word' id='word_1_292' title='bbox 1068 3247 1127 3317; x_wconf 87' lang='lat' dir='ltr'><strong>ipsa</strong></span> <span class='ocrx_word' id='word_1_293' title='bbox 1144 3250 1198 3300; x_wconf 88' lang='lat' dir='ltr'><strong>im-</strong></span> 
     </span>
     <span class='ocr_line' id='line_1_33' title="bbox 116 3317 1198 3388; baseline -0.004 -16"><span class='ocrx_word' id='word_1_294' title='bbox 116 3322 267 3385; x_wconf 88' lang='lat' dir='ltr'><strong>minentes,</strong></span> <span class='ocrx_word' id='word_1_295' title='bbox 285 3329 313 3375; x_wconf 88' lang='lat' dir='ltr'><strong>et</strong></span> <span class='ocrx_word' id='word_1_296' title='bbox 330 3321 366 3374; x_wconf 89' lang='lat' dir='ltr'><strong>ad</strong></span> <span class='ocrx_word' id='word_1_297' title='bbox 380 3321 534 3374; x_wconf 82' lang='lat' dir='ltr'><strong>universam</strong></span> <span class='ocrx_word' id='word_1_298' title='bbox 549 3317 711 3378; x_wconf 83' lang='lat' dir='ltr'><strong>Colchorum</strong></span> <span class='ocrx_word' id='word_1_299' title='bbox 727 3319 865 3388; x_wconf 90' lang='lat' dir='ltr'><strong>regionem</strong></span> <span class='ocrx_word' id='word_1_300' title='bbox 881 3318 964 3370; x_wconf 88' lang='lat' dir='ltr'><strong>buius</strong></span> <span class='ocrx_word' id='word_1_301' title='bbox 982 3317 1097 3370; x_wconf 86' lang='lat' dir='ltr'><strong>consilio</strong></span> <span class='ocrx_word' id='word_1_302' title='bbox 1115 3324 1198 3387; x_wconf 86' lang='lat' dir='ltr'><strong>atque</strong></span> 
     </span>
     <span class='ocr_line' id='line_1_34' title="bbox 118 3387 1273 3462; baseline -0.005 -19"><span class='ocrx_word' id='word_1_303' title='bbox 118 3405 174 3460; x_wconf 80' lang='lat' dir='ltr'><strong>ope</strong></span> <span class='ocrx_word' id='word_1_304' title='bbox 189 3389 369 3443; x_wconf 87' lang='lat' dir='ltr'><strong>invadendam</strong></span> <span class='ocrx_word' id='word_1_305' title='bbox 385 3391 482 3462; x_wconf 85' lang='lat' dir='ltr'><strong>parati.</strong></span> <span class='ocrx_word' id='word_1_306' title='bbox 519 3390 587 3444; x_wconf 88' lang='lat' dir='ltr'><strong>Cum</strong></span> <span class='ocrx_word' id='word_1_307' title='bbox 613 3405 676 3442; x_wconf 78' lang='lat' dir='ltr'><strong>vero</strong></span> <span class='ocrx_word' id='word_1_308' title='bbox 700 3389 810 3440; x_wconf 87' lang='lat' dir='ltr'><strong>omnino</strong></span> <span class='ocrx_word' id='word_1_309' title='bbox 830 3388 1028 3440; x_wconf 87' lang='lat' dir='ltr'><strong>demonstratus</strong></span> <span class='ocrx_word' id='word_1_310' title='bbox 1045 3389 1082 3440; x_wconf 87' lang='lat' dir='ltr'><strong>ait</strong></span> <span class='ocrx_word' id='word_1_311' title='bbox 1101 3387 1197 3439; x_wconf 87' lang='lat' dir='ltr'><strong>Gaba·</strong></span> <span class='ocrx_word' id='word_1_312' title='bbox 1271 3445 1273 3449; x_wconf 92' lang='lat'>.</span> 
     </span>
     <span class='ocr_line' id='line_1_35' title="bbox 116 3456 1198 3532; baseline -0.005 -20"><span class='ocrx_word' id='word_1_313' title='bbox 116 3477 162 3514; x_wconf 81' lang='lat' dir='ltr'><strong>aes</strong></span> <span class='ocrx_word' id='word_1_314' title='bbox 179 3458 266 3513; x_wconf 87' lang='lat' dir='ltr'><strong>hostis</strong></span> <span class='ocrx_word' id='word_1_315' title='bbox 288 3463 392 3532; x_wconf 86' lang='lat' dir='ltr'><strong>paritor</strong></span> <span class='ocrx_word' id='word_1_316' title='bbox 410 3471 439 3514; x_wconf 89' lang='lat' dir='ltr'><strong>ct</strong></span> <span class='ocrx_word' id='word_1_317' title='bbox 465 3458 604 3531; x_wconf 89' lang='lat' dir='ltr'><strong>proditor,</strong></span> <span class='ocrx_word' id='word_1_318' title='bbox 623 3459 770 3530; x_wconf 87' lang='lat' dir='ltr'><strong>animoque</strong></span> <span class='ocrx_word' id='word_1_319' title='bbox 791 3456 826 3509; x_wconf 88' lang='lat' dir='ltr'><strong>ad</strong></span> <span class='ocrx_word' id='word_1_320' title='bbox 849 3462 1002 3526; x_wconf 86' lang='lat' dir='ltr'><strong>tyrannicas</strong></span> <span class='ocrx_word' id='word_1_321' title='bbox 1022 3475 1083 3527; x_wconf 85' lang='lat' dir='ltr'><strong>spes</strong></span> <span class='ocrx_word' id='word_1_322' title='bbox 1109 3460 1198 3519; x_wconf 85' lang='lat' dir='ltr'><strong>elato,</strong></span> 
     </span>
     <span class='ocr_line' id='line_1_36' title="bbox 117 3527 1197 3602; baseline -0.004 -22"><span class='ocrx_word' id='word_1_323' title='bbox 117 3529 188 3602; x_wconf 90' lang='lat' dir='ltr'><strong>quid</strong></span> <span class='ocrx_word' id='word_1_324' title='bbox 207 3530 338 3584; x_wconf 88' lang='lat' dir='ltr'><strong>interesse</strong></span> <span class='ocrx_word' id='word_1_325' title='bbox 359 3538 457 3599; x_wconf 88' lang='lat' dir='ltr'><strong>putant</strong></span> <span class='ocrx_word' id='word_1_326' title='bbox 471 3529 580 3594; x_wconf 87' lang='lat' dir='ltr'><strong>Colchi,</strong></span> <span class='ocrx_word' id='word_1_327' title='bbox 602 3531 658 3582; x_wconf 84' lang='lat' dir='ltr'><strong>sire</strong></span> <span class='ocrx_word' id='word_1_328' title='bbox 679 3527 792 3582; x_wconf 87' lang='lat' dir='ltr'><strong>anobis</strong></span> <span class='ocrx_word' id='word_1_329' title='bbox 809 3529 866 3580; x_wconf 86' lang='lat' dir='ltr'><strong>sire</strong></span> <span class='ocrx_word' id='word_1_330' title='bbox 886 3529 921 3580; x_wconf 86' lang='lat' dir='ltr'><strong>ab</strong></span> <span class='ocrx_word' id='word_1_331' title='bbox 943 3530 1005 3581; x_wconf 85' lang='lat' dir='ltr'><strong>aliis</strong></span> <span class='ocrx_word' id='word_1_332' title='bbox 1025 3530 1063 3580; x_wconf 90' lang='lat' dir='ltr'><strong>sit</strong></span> <span class='ocrx_word' id='word_1_333' title='bbox 1081 3527 1197 3579; x_wconf 85' lang='lat' dir='ltr'><strong>interse-</strong></span> 
     </span>
     <span class='ocr_line' id='line_1_37' title="bbox 117 3595 1200 3671; baseline -0.007 -17"><span class='ocrx_word' id='word_1_334' title='bbox 117 3598 210 3654; x_wconf 78' lang='lat' dir='ltr'><strong>ctua?</strong></span> <span class='ocrx_word' id='word_1_335' title='bbox 244 3601 340 3671; x_wconf 84' lang='lat' dir='ltr'><strong>Neque</strong></span> <span class='ocrx_word' id='word_1_336' title='bbox 358 3605 431 3654; x_wconf 88' lang='lat' dir='ltr'><strong>enim</strong></span> <span class='ocrx_word' id='word_1_337' title='bbox 452 3600 566 3653; x_wconf 91' lang='lat' dir='ltr'><strong>ducibus</strong></span> <span class='ocrx_word' id='word_1_338' title='bbox 583 3607 688 3653; x_wconf 87' lang='lat' dir='ltr'><strong>tantum</strong></span> <span class='ocrx_word' id='word_1_339' title='bbox 722 3595 769 3652; x_wconf 85' lang='lat' dir='ltr'><strong>aut</strong></span> <span class='ocrx_word' id='word_1_340' title='bbox 793 3599 985 3668; x_wconf 64' lang='lat' dir='ltr'><strong>alioquinin,</strong></span> <span class='ocrx_word' id='word_1_341' title='bbox 1009 3600 1056 3668; x_wconf 85' lang='lat' dir='ltr'><strong>qui</strong></span> <span class='ocrx_word' id='word_1_342' title='bbox 1082 3599 1200 3648; x_wconf 84' lang='lat' dir='ltr'><strong>maxima</strong></span> 
     </span>
     <span class='ocr_line' id='line_1_38' title="bbox 116 3665 1200 3741; baseline -0.004 -19"><span class='ocrx_word' id='word_1_343' title='bbox 116 3671 245 3741; x_wconf 86' lang='lat' dir='ltr'><strong>potentia</strong></span> <span class='ocrx_word' id='word_1_344' title='bbox 267 3672 373 3734; x_wconf 82' lang='lat' dir='ltr'><strong>valent,</strong></span> <span class='ocrx_word' id='word_1_345' title='bbox 396 3673 469 3724; x_wconf 91' lang='lat' dir='ltr'><strong>hona</strong></span> <span class='ocrx_word' id='word_1_346' title='bbox 491 3689 567 3724; x_wconf 86' lang='lat' dir='ltr'><strong>mena</strong></span> <span class='ocrx_word' id='word_1_347' title='bbox 588 3671 693 3723; x_wconf 86' lang='lat' dir='ltr'><strong>innasci</strong></span> <span class='ocrx_word' id='word_1_348' title='bbox 718 3677 802 3740; x_wconf 89' lang='lat' dir='ltr'><strong>atque</strong></span> <span class='ocrx_word' id='word_1_349' title='bbox 824 3669 1016 3722; x_wconf 83' lang='lat' dir='ltr'><strong>adhaerescere</strong></span> <span class='ocrx_word' id='word_1_350' title='bbox 1038 3667 1125 3730; x_wconf 88' lang='lat' dir='ltr'><strong>solet,</strong></span> <span class='ocrx_word' id='word_1_351' title='bbox 1150 3665 1200 3718; x_wconf 89' lang='lat' dir='ltr'><strong>sed</strong></span> 
     </span>
     <span class='ocr_line' id='line_1_39' title="bbox 117 3736 1199 3811; baseline -0.006 -17"><span class='ocrx_word' id='word_1_352' title='bbox 117 3741 204 3794; x_wconf 87' lang='lat' dir='ltr'><strong>cuivis</strong></span> <span class='ocrx_word' id='word_1_353' title='bbox 223 3741 333 3792; x_wconf 87' lang='lat' dir='ltr'><strong>omuino</strong></span> <span class='ocrx_word' id='word_1_354' title='bbox 353 3742 455 3794; x_wconf 82' lang='lat' dir='ltr'><strong>volenti</strong></span> <span class='ocrx_word' id='word_1_355' title='bbox 478 3742 596 3794; x_wconf 89' lang='lat' dir='ltr'><strong>liberum</strong></span> <span class='ocrx_word' id='word_1_356' title='bbox 611 3743 829 3811; x_wconf 81' lang='lat' dir='ltr'><strong>conveniensque</strong></span> <span class='ocrx_word' id='word_1_357' title='bbox 847 3749 907 3803; x_wconf 84' lang='lat' dir='ltr'><strong>eat,</strong></span> <span class='ocrx_word' id='word_1_358' title='bbox 922 3757 971 3808; x_wconf 83' lang='lat' dir='ltr'><strong>pro</strong></span> <span class='ocrx_word' id='word_1_359' title='bbox 988 3736 1151 3805; x_wconf 78' lang='lat' dir='ltr'><strong>republica,</strong></span> <span class='ocrx_word' id='word_1_360' title='bbox 1167 3737 1199 3788; x_wconf 91' lang='lat' dir='ltr'><strong>in</strong></span> 
     </span>
     <span class='ocr_line' id='line_1_40' title="bbox 119 3807 1200 3882; baseline -0.005 -19"><span class='ocrx_word' id='word_1_361' title='bbox 119 3829 175 3882; x_wconf 84' lang='lat' dir='ltr'><strong>qua</strong></span> <span class='ocrx_word' id='word_1_362' title='bbox 198 3813 289 3862; x_wconf 89' lang='lat' dir='ltr'><strong>locum</strong></span> <span class='ocrx_word' id='word_1_363' title='bbox 309 3811 427 3881; x_wconf 86' lang='lat' dir='ltr'><strong>aliquem</strong></span> <span class='ocrx_word' id='word_1_364' title='bbox 442 3810 559 3874; x_wconf 89' lang='lat' dir='ltr'><strong>obtinet,</strong></span> <span class='ocrx_word' id='word_1_365' title='bbox 579 3811 712 3874; x_wconf 87' lang='lat' dir='ltr'><strong>laborare,</strong></span> <span class='ocrx_word' id='word_1_366' title='bbox 732 3819 759 3861; x_wconf 90' lang='lat' dir='ltr'><strong>et</strong></span> <span class='ocrx_word' id='word_1_367' title='bbox 781 3811 816 3862; x_wconf 89' lang='lat' dir='ltr'><strong>ad</strong></span> <span class='ocrx_word' id='word_1_368' title='bbox 834 3826 975 3878; x_wconf 78' lang='lat' dir='ltr'><strong>commune</strong></span> <span class='ocrx_word' id='word_1_369' title='bbox 995 3807 1097 3856; x_wconf 91' lang='lat' dir='ltr'><strong>bonum</strong></span> <span class='ocrx_word' id='word_1_370' title='bbox 1116 3821 1200 3876; x_wconf 86' lang='lat' dir='ltr'><strong>prae-</strong></span> 
     </span>
     <span class='ocr_line' id='line_1_41' title="bbox 117 3876 1198 3950; baseline -0.004 -18"><span class='ocrx_word' id='word_1_371' title='bbox 117 3880 247 3933; x_wconf 82' lang='lat' dir='ltr'><strong>standum</strong></span> <span class='ocrx_word' id='word_1_372' title='bbox 272 3878 396 3932; x_wconf 81' lang='lat' dir='ltr'><strong>omnibus</strong></span> <span class='ocrx_word' id='word_1_373' title='bbox 417 3879 520 3932; x_wconf 89' lang='lat' dir='ltr'><strong>viribus</strong></span> <span class='ocrx_word' id='word_1_374' title='bbox 545 3879 641 3932; x_wconf 86' lang='lat' dir='ltr'><strong>adniti.</strong></span> <span class='ocrx_word' id='word_1_375' title='bbox 678 3881 815 3950; x_wconf 84' lang='lat' dir='ltr'><strong>Quocirca</strong></span> <span class='ocrx_word' id='word_1_376' title='bbox 838 3880 946 3930; x_wconf 83' lang='lat' dir='ltr'><strong>tametsi</strong></span> <span class='ocrx_word' id='word_1_377' title='bbox 972 3876 1138 3928; x_wconf 84' lang='lat' dir='ltr'><strong>execrabiles</strong></span> <span class='ocrx_word' id='word_1_378' title='bbox 1161 3878 1198 3928; x_wconf 92' lang='lat' dir='ltr'><strong>il-</strong></span> 
     </span>
     <span class='ocr_line' id='line_1_42' title="bbox 117 3947 1200 4015; baseline -0.006 -10"><span class='ocrx_word' id='word_1_379' title='bbox 117 3952 207 4005; x_wconf 90' lang='lat' dir='ltr'><strong>lorum</strong></span> <span class='ocrx_word' id='word_1_380' title='bbox 225 3950 328 4003; x_wconf 87' lang='lat' dir='ltr'><strong>iudicio</strong></span> <span class='ocrx_word' id='word_1_381' title='bbox 343 3959 373 4002; x_wconf 89' lang='lat' dir='ltr'><strong>et</strong></span> <span class='ocrx_word' id='word_1_382' title='bbox 389 3949 540 4002; x_wconf 84' lang='lat' dir='ltr'><strong>detestandi</strong></span> <span class='ocrx_word' id='word_1_383' title='bbox 559 3967 723 4010; x_wconf 87' lang='lat' dir='ltr'><strong>censeamur,</strong></span> <span class='ocrx_word' id='word_1_384' title='bbox 747 3949 896 4000; x_wconf 84' lang='lat' dir='ltr'><strong>fidelissimi</strong></span> <span class='ocrx_word' id='word_1_385' title='bbox 923 3957 1014 3998; x_wconf 90' lang='lat' dir='ltr'><strong>tamen</strong></span> <span class='ocrx_word' id='word_1_386' title='bbox 1040 3947 1200 4015; x_wconf 85' lang='lat' dir='ltr'><strong>Imperatori</strong></span> 
     </span>
     <span class='ocr_line' id='line_1_43' title="bbox 119 4015 1199 4084; baseline -0.006 -12"><span class='ocrx_word' id='word_1_387' title='bbox 119 4038 212 4073; x_wconf 89' lang='lat' dir='ltr'><strong>sumus</strong></span> <span class='ocrx_word' id='word_1_388' title='bbox 234 4029 262 4074; x_wconf 90' lang='lat' dir='ltr'><strong>et</strong></span> <span class='ocrx_word' id='word_1_389' title='bbox 274 4023 458 4073; x_wconf 84' lang='lat' dir='ltr'><strong>Romanorum</strong></span> <span class='ocrx_word' id='word_1_390' title='bbox 468 4019 593 4084; x_wconf 86' lang='lat' dir='ltr'><strong>studiosi,</strong></span> <span class='ocrx_word' id='word_1_391' title='bbox 612 4029 641 4072; x_wconf 90' lang='lat' dir='ltr'><strong>et</strong></span> <span class='ocrx_word' id='word_1_392' title='bbox 659 4019 772 4069; x_wconf 83' lang='lat' dir='ltr'><strong>insidias</strong></span> <span class='ocrx_word' id='word_1_393' title='bbox 789 4025 893 4069; x_wconf 86' lang='lat' dir='ltr'><strong>struere</strong></span> <span class='ocrx_word' id='word_1_394' title='bbox 908 4015 1079 4068; x_wconf 83' lang='lat' dir='ltr'><strong>tentantibus</strong></span> <span class='ocrx_word' id='word_1_395' title='bbox 1095 4017 1199 4069; x_wconf 83' lang='lat' dir='ltr'><strong>infesti.</strong></span> 
     </span>
    </p>

    <p class='ocr_par' dir='ltr' id='par_1_6' title="bbox 37 4087 1202 4310">
     <span class='ocr_line' id='line_1_44' title="bbox 37 4087 1199 4160; baseline -0.006 -16"><span class='ocrx_word' id='word_1_396' title='bbox 37 4131 39 4136; x_wconf 77' lang='grc'><strong><em>.</em></strong></span> <span class='ocrx_word' id='word_1_397' title='bbox 119 4092 150 4144; x_wconf 86' lang='lat' dir='ltr'><strong>Si</strong></span> <span class='ocrx_word' id='word_1_398' title='bbox 169 4092 237 4160; x_wconf 90' lang='lat' dir='ltr'><strong>quid</strong></span> <span class='ocrx_word' id='word_1_399' title='bbox 260 4107 324 4145; x_wconf 83' lang='lat' dir='ltr'><strong>vero</strong></span> <span class='ocrx_word' id='word_1_400' title='bbox 347 4091 430 4142; x_wconf 85' lang='lat' dir='ltr'><strong>etiam</strong></span> <span class='ocrx_word' id='word_1_401' title='bbox 453 4089 569 4156; x_wconf 83' lang='lat' dir='ltr'><strong>amplius</strong></span> <span class='ocrx_word' id='word_1_402' title='bbox 592 4088 738 4140; x_wconf 84' lang='lat' dir='ltr'><strong>dicendum</strong></span> <span class='ocrx_word' id='word_1_403' title='bbox 758 4093 823 4148; x_wconf 90' lang='lat' dir='ltr'><strong>est,</strong></span> <span class='ocrx_word' id='word_1_404' title='bbox 852 4087 890 4137; x_wconf 89' lang='lat' dir='ltr'><strong>ita</strong></span> <span class='ocrx_word' id='word_1_405' title='bbox 909 4087 962 4139; x_wconf 88' lang='lat' dir='ltr'><strong>tibi</strong></span> <span class='ocrx_word' id='word_1_406' title='bbox 981 4087 1063 4155; x_wconf 86' lang='lat' dir='ltr'><strong>plane</strong></span> <span class='ocrx_word' id='word_1_407' title='bbox 1085 4101 1199 4156; x_wconf 84' lang='lat' dir='ltr'><strong>persua-</strong></span> 
     </span>
     <span class='ocr_line' id='line_1_45' title="bbox 120 4155 1202 4228; baseline -0.007 -14"><span class='ocrx_word' id='word_1_408' title='bbox 120 4163 172 4222; x_wconf 86' lang='lat' dir='ltr'><strong>de,</strong></span> <span class='ocrx_word' id='word_1_409' title='bbox 196 4177 212 4212; x_wconf 87' lang='lat' dir='ltr'><strong>o</strong></span> <span class='ocrx_word' id='word_1_410' title='bbox 232 4161 324 4224; x_wconf 83' lang='lat' dir='ltr'><strong>iudex,</strong></span> <span class='ocrx_word' id='word_1_411' title='bbox 348 4169 451 4213; x_wconf 87' lang='lat' dir='ltr'><strong>rectum</strong></span> <span class='ocrx_word' id='word_1_412' title='bbox 474 4157 721 4228; x_wconf 80' lang='lat' dir='ltr'><strong>nequissimumque</strong></span> <span class='ocrx_word' id='word_1_413' title='bbox 736 4173 788 4206; x_wconf 87' lang='lat' dir='ltr'><strong>nos</strong></span> <span class='ocrx_word' id='word_1_414' title='bbox 805 4155 914 4208; x_wconf 76' lang='lat' dir='ltr'><strong>facinus</strong></span> <span class='ocrx_word' id='word_1_415' title='bbox 926 4165 1129 4225; x_wconf 88' lang='lat' dir='ltr'><strong>peropportune</strong></span> <span class='ocrx_word' id='word_1_416' title='bbox 1148 4171 1202 4209; x_wconf 80' lang='lat' dir='ltr'><strong>au-</strong></span> 
     </span>
     <span class='ocr_line' id='line_1_46' title="bbox 120 4224 1033 4310; baseline -0.004 -24"><span class='ocrx_word' id='word_1_417' title='bbox 120 4247 166 4286; x_wconf 84' lang='grc' dir='ltr'><strong>τοι</strong></span> <span class='ocrx_word' id='word_1_418' title='bbox 183 4228 266 4292; x_wconf 76' lang='lat' dir='ltr'><strong>uisse</strong></span> <span class='ocrx_word' id='word_1_419' title='bbox 276 4253 294 4303; x_wconf 63' lang='lat'><strong>,1</strong></span> <span class='ocrx_word' id='word_1_420' title='bbox 306 4247 397 4310; x_wconf 72' lang='lat' dir='ltr'><strong>neque</strong></span> <span class='ocrx_word' id='word_1_421' title='bbox 415 4224 444 4286; x_wconf 93' lang='lat' dir='ltr'><strong>id</strong></span> <span class='ocrx_word' id='word_1_422' title='bbox 466 4227 568 4306; x_wconf 80' lang='lat' dir='ltr'><strong>absque</strong></span> <span class='ocrx_word' id='word_1_423' title='bbox 586 4227 699 4288; x_wconf 70' lang='lat' dir='ltr'><strong>Maniai</strong></span> <span class='ocrx_word' id='word_1_424' title='bbox 715 4226 855 4283; x_wconf 84' lang='lat' dir='ltr'><strong>voluntate</strong></span> <span class='ocrx_word' id='word_1_425' title='bbox 874 4228 1033 4305; x_wconf 76' lang='lat' dir='ltr'><strong>patratum-&#39;¹</strong></span> 
     </span>
    </p>
   </div>
   <div class='ocr_carea' id='block_1_6' title="bbox 0 0 1568 4950">
    <p class='ocr_par' dir='ltr' id='par_1_7' title="bbox 0 0 1568 4950">
     <span class='ocr_line' id='line_1_47' title="bbox 0 0 1568 4950; baseline 0 0"><span class='ocrx_word' id='word_1_426' title='bbox 0 0 1568 4950; x_wconf 95' lang='lat' dir='ltr'><strong> </strong></span> 
     </span>
    </p>
   </div>
  </div>
 </body>
</html>
