<?xml version="1.0" encoding="UTF-8"?>
<!DOCTYPE html PUBLIC "-//W3C//DTD XHTML 1.0 Transitional//EN"
    "http://www.w3.org/TR/xhtml1/DTD/xhtml1-transitional.dtd">
<html xmlns="http://www.w3.org/1999/xhtml" xml:lang="en" lang="en">
 <head>
  <title>
</title>
<meta http-equiv="Content-Type" content="text/html;charset=utf-8" />
  <meta name='ocr-system' content='tesseract 3.04.00' />
  <meta name='ocr-capabilities' content='ocr_page ocr_carea ocr_par ocr_line ocrx_word'/>
</head>
<body>
  <div class='ocr_page' id='page_1' title='image "./corpusscriptoru31theogoog/corpusscriptoru31theogoog_0013.png"; bbox 0 0 3109 4950; ppageno 0'>
   <div class='ocr_carea' id='block_1_1' title="bbox 431 1053 981 1130">
    <p class='ocr_par' dir='ltr' id='par_1_1' title="bbox 431 1053 981 1130">
     <span class='ocr_line' id='line_1_1' title="bbox 431 1053 981 1130; baseline 0.013 -7"><span class='ocrx_word' id='word_1_1' title='bbox 431 1053 981 1130; x_wconf 78' lang='lat' dir='ltr'><strong>PRAEFATIO.</strong></span> 
     </span>
    </p>
   </div>
   <div class='ocr_carea' id='block_1_2' title="bbox 162 1563 1251 2413">
    <p class='ocr_par' dir='ltr' id='par_1_2' title="bbox 162 1563 1251 2413">
     <span class='ocr_line' id='line_1_2' title="bbox 167 1563 1251 1704; baseline 0.012 -32"><span class='ocrx_word' id='word_1_2' title='bbox 167 1563 322 1694; x_wconf 66' lang='lat' dir='ltr'><strong>Agathlue</strong></span> <span class='ocrx_word' id='word_1_3' title='bbox 336 1620 530 1686; x_wconf 75' lang='lat' dir='ltr'><strong>historiarum,-</strong></span> <span class='ocrx_word' id='word_1_4' title='bbox 554 1639 611 1676; x_wconf 87' lang='lat' dir='ltr'><strong>nou</strong></span> <span class='ocrx_word' id='word_1_5' title='bbox 632 1639 744 1695; x_wconf 83' lang='lat' dir='ltr'><strong>msguue</strong></span> <span class='ocrx_word' id='word_1_6' title='bbox 767 1625 849 1683; x_wconf 85' lang='lat' dir='ltr'><strong>rnolls</strong></span> <span class='ocrx_word' id='word_1_7' title='bbox 867 1625 949 1703; x_wconf 72' lang='lat' dir='ltr'><strong>litu,</strong></span> <span class='ocrx_word' id='word_1_8' title='bbox 967 1644 1041 1682; x_wconf 81' lang='lat' dir='ltr'><strong>usne</strong></span> <span class='ocrx_word' id='word_1_9' title='bbox 1062 1625 1171 1684; x_wconf 83' lang='lat' dir='ltr'><strong>(lenum</strong></span> <span class='ocrx_word' id='word_1_10' title='bbox 1186 1646 1251 1704; x_wconf 84' lang='lat' dir='ltr'><strong>pro·</strong></span> 
     </span>
     <span class='ocr_line' id='line_1_3' title="bbox 166 1713 1250 1799; baseline 0.01 -22"><span class='ocrx_word' id='word_1_11' title='bbox 166 1725 224 1778; x_wconf 82' lang='lat' dir='ltr'><strong>dire</strong></span> <span class='ocrx_word' id='word_1_12' title='bbox 248 1713 414 1790; x_wconf 74' lang='lat' dir='ltr'><strong>editionem,</strong></span> <span class='ocrx_word' id='word_1_13' title='bbox 442 1727 593 1780; x_wconf 84' lang='lat' dir='ltr'><strong>Bonnensls</strong></span> <span class='ocrx_word' id='word_1_14' title='bbox 624 1725 816 1782; x_wconf 84' lang='lat' dir='ltr'><strong>historicorum</strong></span> <span class='ocrx_word' id='word_1_15' title='bbox 839 1731 1051 1799; x_wconf 74' lang='lat' dir='ltr'><strong>Byzantlnornm</strong></span> <span class='ocrx_word' id='word_1_16' title='bbox 1080 1732 1250 1788; x_wconf 68' lang='lat' dir='ltr'><strong>collectionis</strong></span> 
     </span>
     <span class='ocr_line' id='line_1_4' title="bbox 162 1827 1250 1906; baseline 0.012 -27"><span class='ocrx_word' id='word_1_17' title='bbox 162 1827 345 1899; x_wconf 85' lang='lat' dir='ltr'><strong>principium,</strong></span> <span class='ocrx_word' id='word_1_18' title='bbox 361 1845 442 1880; x_wconf 86' lang='lat' dir='ltr'><strong>nemo</strong></span> <span class='ocrx_word' id='word_1_19' title='bbox 464 1845 569 1898; x_wconf 79' lang='lat' dir='ltr'><strong>aequus</strong></span> <span class='ocrx_word' id='word_1_20' title='bbox 588 1829 786 1898; x_wconf 81' lang='lat' dir='ltr'><strong>reprehendet,</strong></span> <span class='ocrx_word' id='word_1_21' title='bbox 814 1831 960 1887; x_wconf 80' lang='lat' dir='ltr'><strong>‹lurnnsoslo</strong></span> <span class='ocrx_word' id='word_1_22' title='bbox 984 1835 1147 1905; x_wconf 77' lang='lat' dir='ltr'><strong>compererit</strong></span> <span class='ocrx_word' id='word_1_23' title='bbox 1166 1853 1250 1906; x_wconf 71' lang='lat' dir='ltr'><strong>quum</strong></span> 
     </span>
     <span class='ocr_line' id='line_1_5' title="bbox 164 1929 1249 2001; baseline 0.011 -21"><span class='ocrx_word' id='word_1_24' title='bbox 164 1929 267 1982; x_wconf 81' lang='lat' dir='ltr'><strong>arduae</strong></span> <span class='ocrx_word' id='word_1_25' title='bbox 289 1930 367 1984; x_wconf 86' lang='lat' dir='ltr'><strong>nobis</strong></span> <span class='ocrx_word' id='word_1_26' title='bbox 386 1929 439 1982; x_wconf 85' lang='lat' dir='ltr'><strong>lroo</strong></span> <span class='ocrx_word' id='word_1_27' title='bbox 454 1947 523 2000; x_wconf 88' lang='lat' dir='ltr'><strong>opus</strong></span> <span class='ocrx_word' id='word_1_28' title='bbox 541 1930 763 2001; x_wconf 65' lang='lat' dir='ltr'>aggredientibus</span> <span class='ocrx_word' id='word_1_29' title='bbox 784 1933 944 1989; x_wconf 70' lang='lat' dir='ltr'><strong>obstiterint</strong></span> <span class='ocrx_word' id='word_1_30' title='bbox 965 1935 1148 1990; x_wconf 72' lang='lat' dir='ltr'><strong>difficultates.</strong></span> <span class='ocrx_word' id='word_1_31' title='bbox 1183 1937 1249 1992; x_wconf 78' lang='lat' dir='ltr'><strong>Ete-</strong></span> 
     </span>
     <span class='ocr_line' id='line_1_6' title="bbox 163 2026 1251 2110; baseline 0.008 -26"><span class='ocrx_word' id='word_1_32' title='bbox 163 2035 223 2086; x_wconf 86' lang='lat' dir='ltr'><strong>nim</strong></span> <span class='ocrx_word' id='word_1_33' title='bbox 242 2034 273 2084; x_wconf 88' lang='lat' dir='ltr'><strong>in</strong></span> <span class='ocrx_word' id='word_1_34' title='bbox 288 2031 398 2110; x_wconf 76' lang='lat' dir='ltr'><strong>oppido,</strong></span> <span class='ocrx_word' id='word_1_35' title='bbox 419 2050 452 2086; x_wconf 81' lang='lat' dir='ltr'><strong>ex</strong></span> <span class='ocrx_word' id='word_1_36' title='bbox 464 2026 544 2088; x_wconf 66' lang='lat' dir='ltr'><strong>&#39;ouius</strong></span> <span class='ocrx_word' id='word_1_37' title='bbox 564 2035 651 2105; x_wconf 84' lang='lat' dir='ltr'><strong>prelis</strong></span> <span class='ocrx_word' id='word_1_38' title='bbox 671 2036 872 2108; x_wconf 68' lang='lat' dir='ltr'><strong>typogrsplsieis</strong></span> <span class='ocrx_word' id='word_1_39' title='bbox 894 2055 1035 2109; x_wconf 78' lang='lat' dir='ltr'><strong>nunquam</strong></span> <span class='ocrx_word' id='word_1_40' title='bbox 1055 2047 1135 2092; x_wconf 74' lang='lat' dir='ltr'><strong>antee</strong></span> <span class='ocrx_word' id='word_1_41' title='bbox 1149 2040 1251 2093; x_wconf 79' lang='lat' dir='ltr'><strong>exisset</strong></span> 
     </span>
     <span class='ocr_line' id='line_1_7' title="bbox 163 2135 1249 2212; baseline 0.008 -26"><span class='ocrx_word' id='word_1_42' title='bbox 163 2137 247 2204; x_wconf 81' lang='lat' dir='ltr'><strong>paulo</strong></span> <span class='ocrx_word' id='word_1_43' title='bbox 260 2135 388 2204; x_wconf 80' lang='lat' dir='ltr'>grandior</span> <span class='ocrx_word' id='word_1_44' title='bbox 402 2135 473 2187; x_wconf 86' lang='lat' dir='ltr'><strong>liber</strong></span> <span class='ocrx_word' id='word_1_45' title='bbox 487 2153 609 2206; x_wconf 70' lang='lat' dir='ltr'><strong>graecus,</strong></span> <span class='ocrx_word' id='word_1_46' title='bbox 625 2155 715 2208; x_wconf 86' lang='lat' dir='ltr'><strong>neque</strong></span> <span class='ocrx_word' id='word_1_47' title='bbox 740 2148 868 2210; x_wconf 78' lang='lat' dir='ltr'><strong>typorum</strong></span> <span class='ocrx_word' id='word_1_48' title='bbox 886 2141 1079 2210; x_wconf 66' lang='lat' dir='ltr'><strong>compositores</strong></span> <span class='ocrx_word' id='word_1_49' title='bbox 1091 2143 1122 2194; x_wconf 91' lang='lat' dir='ltr'><strong>in</strong></span> <span class='ocrx_word' id='word_1_50' title='bbox 1139 2141 1192 2194; x_wconf 83' lang='lat' dir='ltr'><strong>hoe</strong></span> <span class='ocrx_word' id='word_1_51' title='bbox 1200 2158 1249 2212; x_wconf 72' lang='lat' dir='ltr'><strong>ge·</strong></span> 
     </span>
     <span class='ocr_line' id='line_1_8' title="bbox 162 2214 1247 2308; baseline 0.006 -18"><span class='ocrx_word' id='word_1_52' title='bbox 162 2255 228 2290; x_wconf 84' lang='lat' dir='ltr'><strong>uere</strong></span> <span class='ocrx_word' id='word_1_53' title='bbox 242 2214 307 2289; x_wconf 83' lang='lat' dir='ltr'><strong>satis</strong></span> <span class='ocrx_word' id='word_1_54' title='bbox 318 2239 459 2290; x_wconf 80' lang='lat' dir='ltr'><strong>exercitali</strong></span> <span class='ocrx_word' id='word_1_55' title='bbox 477 2237 599 2301; x_wconf 72' lang='lat' dir='ltr'><strong>aderunt,</strong></span> <span class='ocrx_word' id='word_1_56' title='bbox 616 2255 707 2308; x_wconf 87' lang='lat' dir='ltr'><strong>neque</strong></span> <span class='ocrx_word' id='word_1_57' title='bbox 721 2247 885 2294; x_wconf 85' lang='lat' dir='ltr'><strong>correctores</strong></span> <span class='ocrx_word' id='word_1_58' title='bbox 892 2240 1074 2308; x_wconf 78' lang='lat' dir='ltr'><strong>sphalmutum</strong></span> <span class='ocrx_word' id='word_1_59' title='bbox 1092 2260 1143 2294; x_wconf 92' lang='lat' dir='ltr'><strong>usu</strong></span> <span class='ocrx_word' id='word_1_60' title='bbox 1162 2242 1247 2306; x_wconf 75' lang='lat' dir='ltr'><strong>dotti,</strong></span> 
     </span>
     <span class='ocr_line' id='line_1_9' title="bbox 163 2339 1247 2413; baseline 0.006 -21"><span class='ocrx_word' id='word_1_61' title='bbox 163 2343 227 2411; x_wconf 89' lang='lat' dir='ltr'><strong>qui,</strong></span> <span class='ocrx_word' id='word_1_62' title='bbox 252 2339 410 2394; x_wconf 81' lang='lat' dir='ltr'><strong>moderante</strong></span> <span class='ocrx_word' id='word_1_63' title='bbox 438 2339 602 2408; x_wconf 80' lang='lat' dir='ltr'><strong>Suhopeuo,</strong></span> <span class='ocrx_word' id='word_1_64' title='bbox 629 2358 797 2412; x_wconf 62' lang='lat' dir='ltr'><strong>manumque</strong></span> <span class='ocrx_word' id='word_1_65' title='bbox 824 2341 947 2392; x_wconf 87' lang='lat' dir='ltr'><strong>ultimum</strong></span> <span class='ocrx_word' id='word_1_66' title='bbox 971 2347 1048 2413; x_wconf 91' lang='lat' dir='ltr'><strong>operi</strong></span> <span class='ocrx_word' id='word_1_67' title='bbox 1077 2343 1247 2411; x_wconf 71' lang='lat' dir='ltr'><strong>admovente,</strong></span> 
     </span>
    </p>
   </div>
   <div class='ocr_carea' id='block_1_3' title="bbox 163 2427 1249 2515">
    <p class='ocr_par' dir='ltr' id='par_1_3' title="bbox 163 2427 1249 2515">
     <span class='ocr_line' id='line_1_10' title="bbox 163 2427 1249 2515; baseline 0.005 -19"><span class='ocrx_word' id='word_1_68' title='bbox 163 2445 227 2497; x_wconf 84' lang='lat' dir='ltr'><strong>sutis</strong></span> <span class='ocrx_word' id='word_1_69' title='bbox 247 2427 371 2499; x_wconf 75' lang='lat' dir='ltr'><strong>accurate</strong></span> <span class='ocrx_word' id='word_1_70' title='bbox 391 2444 567 2515; x_wconf 78' lang='lat' dir='ltr'><strong>gnaviterque</strong></span> <span class='ocrx_word' id='word_1_71' title='bbox 591 2444 620 2498; x_wconf 90' lang='lat' dir='ltr'><strong>in</strong></span> <span class='ocrx_word' id='word_1_72' title='bbox 636 2441 690 2497; x_wconf 85' lang='lat' dir='ltr'><strong>hoo</strong></span> <span class='ocrx_word' id='word_1_73' title='bbox 709 2443 804 2497; x_wconf 77' lang='lat' dir='ltr'><strong>labore</strong></span> <span class='ocrx_word' id='word_1_74' title='bbox 817 2452 999 2499; x_wconf 72' lang='lat' dir='ltr'><strong>venarentur.</strong></span> <span class='ocrx_word' id='word_1_75' title='bbox 1036 2446 1132 2515; x_wconf 79' lang='lat' dir='ltr'><strong>ltaque</strong></span> <span class='ocrx_word' id='word_1_76' title='bbox 1147 2445 1249 2501; x_wconf 78' lang='lat' dir='ltr'><strong>turdis-</strong></span> 
     </span>
    </p>
   </div>
   <div class='ocr_carea' id='block_1_4' title="bbox 163 2546 1323 2619">
    <p class='ocr_par' dir='ltr' id='par_1_4' title="bbox 163 2546 1323 2619">
     <span class='ocr_line' id='line_1_11' title="bbox 163 2546 1323 2619; baseline 0.002 -18"><span class='ocrx_word' id='word_1_77' title='bbox 163 2548 229 2601; x_wconf 86' lang='lat' dir='ltr'><strong>sime</strong></span> <span class='ocrx_word' id='word_1_78' title='bbox 243 2548 377 2618; x_wconf 80' lang='lat' dir='ltr'><strong>progressi</strong></span> <span class='ocrx_word' id='word_1_79' title='bbox 393 2564 491 2599; x_wconf 86' lang='lat' dir='ltr'><strong>sumus.</strong></span> <span class='ocrx_word' id='word_1_80' title='bbox 526 2546 574 2611; x_wconf 79' lang='lat' dir='ltr'><strong>Est</strong></span> <span class='ocrx_word' id='word_1_81' title='bbox 588 2554 681 2598; x_wconf 84' lang='lat' dir='ltr'><strong>tamen</strong></span> <span class='ocrx_word' id='word_1_82' title='bbox 696 2565 750 2619; x_wconf 87' lang='lat' dir='ltr'><strong>quo</strong></span> <span class='ocrx_word' id='word_1_83' title='bbox 766 2564 816 2600; x_wconf 86' lang='lat' dir='ltr'><strong>nor</strong></span> <span class='ocrx_word' id='word_1_84' title='bbox 829 2548 962 2600; x_wconf 85' lang='lat' dir='ltr'><strong>solemur:</strong></span> <span class='ocrx_word' id='word_1_85' title='bbox 979 2564 1043 2599; x_wconf 80' lang='lat' dir='ltr'><strong>nam</strong></span> <span class='ocrx_word' id='word_1_86' title='bbox 1065 2550 1172 2618; x_wconf 78' lang='lat' dir='ltr'><strong>ingenti</strong></span> <span class='ocrx_word' id='word_1_87' title='bbox 1191 2556 1249 2603; x_wconf 79' lang='lat' dir='ltr'><strong>tse-</strong></span> <span class='ocrx_word' id='word_1_88' title='bbox 1311 2576 1323 2591; x_wconf 90' lang='lat'><strong>·</strong></span> 
     </span>
    </p>
   </div>
   <div class='ocr_carea' id='block_1_5' title="bbox 159 2650 1289 3237">
    <p class='ocr_par' dir='ltr' id='par_1_5' title="bbox 162 2650 1247 3133">
     <span class='ocr_line' id='line_1_12' title="bbox 163 2650 1247 2724; baseline 0.004 -23"><span class='ocrx_word' id='word_1_89' title='bbox 163 2650 210 2702; x_wconf 88' lang='lat' dir='ltr'><strong>dio</strong></span> <span class='ocrx_word' id='word_1_90' title='bbox 224 2668 255 2703; x_wconf 82' lang='lat' dir='ltr'><strong>uc</strong></span> <span class='ocrx_word' id='word_1_91' title='bbox 268 2650 363 2705; x_wconf 79' lang='lat' dir='ltr'><strong>labore</strong></span> <span class='ocrx_word' id='word_1_92' title='bbox 380 2651 433 2703; x_wconf 84' lang='lat' dir='ltr'><strong>hoc</strong></span> <span class='ocrx_word' id='word_1_93' title='bbox 448 2659 521 2705; x_wconf 83' lang='lat' dir='ltr'><strong>certe</strong></span> <span class='ocrx_word' id='word_1_94' title='bbox 537 2652 699 2719; x_wconf 79' lang='lat' dir='ltr'><strong>perfecimus</strong></span> <span class='ocrx_word' id='word_1_95' title='bbox 723 2658 755 2703; x_wconf 89' lang='lat' dir='ltr'><strong>ut</strong></span> <span class='ocrx_word' id='word_1_96' title='bbox 780 2652 886 2703; x_wconf 89' lang='lat' dir='ltr'><strong>nullum</strong></span> <span class='ocrx_word' id='word_1_97' title='bbox 900 2651 982 2724; x_wconf 86' lang='lat' dir='ltr'><strong>puulo</strong></span> <span class='ocrx_word' id='word_1_98' title='bbox 995 2652 1099 2721; x_wconf 73' lang='lat' dir='ltr'><strong>gravius</strong></span> <span class='ocrx_word' id='word_1_99' title='bbox 1122 2652 1247 2705; x_wconf 86' lang='lat' dir='ltr'><strong>relictum</strong></span> 
     </span>
     <span class='ocr_line' id='line_1_13' title="bbox 164 2753 1247 2826; baseline 0.002 -20"><span class='ocrx_word' id='word_1_100' title='bbox 164 2756 200 2806; x_wconf 86' lang='lat' dir='ltr'><strong>sit</strong></span> <span class='ocrx_word' id='word_1_101' title='bbox 219 2755 345 2807; x_wconf 85' lang='lat' dir='ltr'><strong>mendum</strong></span> <span class='ocrx_word' id='word_1_102' title='bbox 363 2756 393 2807; x_wconf 90' lang='lat' dir='ltr'><strong>iu</strong></span> <span class='ocrx_word' id='word_1_103' title='bbox 409 2757 519 2825; x_wconf 73' lang='lat' dir='ltr'><strong>graecis,</strong></span> <span class='ocrx_word' id='word_1_104' title='bbox 539 2762 620 2826; x_wconf 73' lang='lat' dir='ltr'><strong>atque</strong></span> <span class='ocrx_word' id='word_1_105' title='bbox 635 2756 665 2808; x_wconf 90' lang='lat' dir='ltr'><strong>iu</strong></span> <span class='ocrx_word' id='word_1_106' title='bbox 677 2753 789 2807; x_wconf 78' lang='lat' dir='ltr'><strong>scholiis</strong></span> <span class='ocrx_word' id='word_1_107' title='bbox 804 2754 924 2808; x_wconf 77' lang='lat' dir='ltr'><strong>eritieir:</strong></span> <span class='ocrx_word' id='word_1_108' title='bbox 942 2769 1005 2807; x_wconf 81' lang='lat' dir='ltr'><strong>usur</strong></span> <span class='ocrx_word' id='word_1_109' title='bbox 1017 2754 1051 2807; x_wconf 89' lang='lat' dir='ltr'><strong>de</strong></span> <span class='ocrx_word' id='word_1_110' title='bbox 1066 2757 1191 2808; x_wconf 83' lang='lat' dir='ltr'><strong>versione</strong></span> <span class='ocrx_word' id='word_1_111' title='bbox 1204 2757 1247 2808; x_wconf 85' lang='lat' dir='ltr'><strong>ls-</strong></span> 
     </span>
     <span class='ocr_line' id='line_1_14' title="bbox 164 2857 1247 2932; baseline 0 -23"><span class='ocrx_word' id='word_1_112' title='bbox 164 2860 232 2921; x_wconf 84' lang='lat' dir='ltr'><strong>liua,</strong></span> <span class='ocrx_word' id='word_1_113' title='bbox 246 2875 325 2932; x_wconf 85' lang='lat' dir='ltr'><strong>quam</strong></span> <span class='ocrx_word' id='word_1_114' title='bbox 341 2859 461 2911; x_wconf 79' lang='lat' dir='ltr'><strong>abiicere</strong></span> <span class='ocrx_word' id='word_1_115' title='bbox 476 2858 640 2922; x_wconf 81' lang='lat' dir='ltr'><strong>maluissem,</strong></span> <span class='ocrx_word' id='word_1_116' title='bbox 653 2875 703 2929; x_wconf 79' lang='lat' dir='ltr'><strong>ego</strong></span> <span class='ocrx_word' id='word_1_117' title='bbox 721 2865 795 2910; x_wconf 81' lang='lat' dir='ltr'><strong>uerte</strong></span> <span class='ocrx_word' id='word_1_118' title='bbox 806 2875 902 2927; x_wconf 81' lang='lat' dir='ltr'><strong>parum</strong></span> <span class='ocrx_word' id='word_1_119' title='bbox 916 2858 958 2909; x_wconf 78' lang='lat' dir='ltr'><strong>fui</strong></span> <span class='ocrx_word' id='word_1_120' title='bbox 973 2857 1114 2911; x_wconf 82' lang='lat' dir='ltr'><strong>sollicitus.</strong></span> <span class='ocrx_word' id='word_1_121' title='bbox 1131 2858 1247 2929; x_wconf 82' lang='lat' dir='ltr'><strong>Relique</strong></span> 
     </span>
     <span class='ocr_line' id='line_1_15' title="bbox 163 2960 1245 3031; baseline 0.001 -18"><span class='ocrx_word' id='word_1_122' title='bbox 163 2962 211 3013; x_wconf 82' lang='lat' dir='ltr'><strong>ills</strong></span> <span class='ocrx_word' id='word_1_123' title='bbox 226 2979 308 3031; x_wconf 84' lang='lat' dir='ltr'><strong>quum</strong></span> <span class='ocrx_word' id='word_1_124' title='bbox 324 2960 492 3031; x_wconf 82' lang='lat' dir='ltr'><strong>Selropenus,</strong></span> <span class='ocrx_word' id='word_1_125' title='bbox 508 2962 543 3015; x_wconf 78' lang='lat' dir='ltr'><strong>ab</strong></span> <span class='ocrx_word' id='word_1_126' title='bbox 562 2964 625 3015; x_wconf 84' lang='lat' dir='ltr'><strong>ullis</strong></span> <span class='ocrx_word' id='word_1_127' title='bbox 645 2962 688 3015; x_wconf 86' lang='lat' dir='ltr'><strong>bis</strong></span> <span class='ocrx_word' id='word_1_128' title='bbox 706 2970 840 3027; x_wconf 78' lang='lat' dir='ltr'><strong>correcto,</strong></span> <span class='ocrx_word' id='word_1_129' title='bbox 859 2960 1042 3025; x_wconf 74' lang='lat' dir='ltr'><strong>emendasset,</strong></span> <span class='ocrx_word' id='word_1_130' title='bbox 1060 2962 1120 3030; x_wconf 82' lang='lat' dir='ltr'><strong>ipse</strong></span> <span class='ocrx_word' id='word_1_131' title='bbox 1143 2969 1245 3031; x_wconf 76' lang='lat' dir='ltr'><strong>quantu</strong></span> 
     </span>
     <span class='ocr_line' id='line_1_16' title="bbox 162 3064 1244 3133; baseline 0.002 -18"><span class='ocrx_word' id='word_1_132' title='bbox 162 3064 242 3133; x_wconf 91' lang='lat' dir='ltr'><strong>potui</strong></span> <span class='ocrx_word' id='word_1_133' title='bbox 257 3081 320 3116; x_wconf 82' lang='lat' dir='ltr'><strong>cura</strong></span> <span class='ocrx_word' id='word_1_134' title='bbox 337 3080 389 3133; x_wconf 85' lang='lat' dir='ltr'><strong>per</strong></span> <span class='ocrx_word' id='word_1_135' title='bbox 403 3064 522 3133; x_wconf 79' lang='lat' dir='ltr'><strong>singulas</strong></span> <span class='ocrx_word' id='word_1_136' title='bbox 531 3064 634 3117; x_wconf 76' lang='lat' dir='ltr'><strong>litteras</strong></span> <span class='ocrx_word' id='word_1_137' title='bbox 649 3066 800 3133; x_wconf 76' lang='lat' dir='ltr'><strong>recognovi.</strong></span> <span class='ocrx_word' id='word_1_138' title='bbox 837 3065 894 3115; x_wconf 78' lang='lat' dir='ltr'><strong>lum</strong></span> <span class='ocrx_word' id='word_1_139' title='bbox 911 3080 974 3121; x_wconf 74' lang='lat' dir='ltr'><strong>sero</strong></span> <span class='ocrx_word' id='word_1_140' title='bbox 989 3066 1020 3117; x_wconf 91' lang='lat' dir='ltr'><strong>in</strong></span> <span class='ocrx_word' id='word_1_141' title='bbox 1035 3072 1177 3133; x_wconf 89' lang='lat' dir='ltr'><strong>posterum</strong></span> <span class='ocrx_word' id='word_1_142' title='bbox 1192 3064 1244 3117; x_wconf 89' lang='lat' dir='ltr'><strong>hse</strong></span> 
     </span>
    </p>

    <p class='ocr_par' dir='ltr' id='par_1_6' title="bbox 159 3143 1289 3237">
     <span class='ocr_line' id='line_1_17' title="bbox 159 3143 1289 3237; baseline -0.002 -16"><span class='ocrx_word' id='word_1_143' title='bbox 159 3184 305 3221; x_wconf 77' lang='lat' dir='ltr'><strong>¹aerumnae</strong></span> <span class='ocrx_word' id='word_1_144' title='bbox 320 3176 368 3219; x_wconf 84' lang='lat' dir='ltr'><strong>sut</strong></span> <span class='ocrx_word' id='word_1_145' title='bbox 386 3176 528 3237; x_wconf 81' lang='lat' dir='ltr'><strong>superatne</strong></span> <span class='ocrx_word' id='word_1_146' title='bbox 544 3176 609 3221; x_wconf 89' lang='lat' dir='ltr'><strong>sunt</strong></span> <span class='ocrx_word' id='word_1_147' title='bbox 624 3176 671 3223; x_wconf 76' lang='lat' dir='ltr'><strong>aut</strong></span> <span class='ocrx_word' id='word_1_148' title='bbox 686 3176 759 3221; x_wconf 86' lang='lat' dir='ltr'><strong>certe</strong></span> <span class='ocrx_word' id='word_1_149' title='bbox 773 3166 852 3221; x_wconf 76' lang='lat' dir='ltr'><strong>valde</strong></span> <span class='ocrx_word' id='word_1_150' title='bbox 868 3168 1042 3235; x_wconf 79' lang='lat' dir='ltr'><strong>imminutse3</strong></span> <span class='ocrx_word' id='word_1_151' title='bbox 1059 3170 1171 3221; x_wconf 79' lang='lat' dir='ltr'><strong>invento</strong></span> <span class='ocrx_word' id='word_1_152' title='bbox 1185 3168 1244 3222; x_wconf 86' lang='lat' dir='ltr'><strong>viro</strong></span> <span class='ocrx_word' id='word_1_153' title='bbox 1285 3143 1289 3150; x_wconf 33' lang='grc' dir='ltr'>Ι</span> 
     </span>
    </p>
   </div>
   <div class='ocr_carea' id='block_1_6' title="bbox 163 3266 1351 3343">
    <p class='ocr_par' dir='ltr' id='par_1_7' title="bbox 163 3266 1351 3343">
     <span class='ocr_line' id='line_1_18' title="bbox 163 3266 1351 3343; baseline -0.001 -22"><span class='ocrx_word' id='word_1_154' title='bbox 163 3270 269 3323; x_wconf 85' lang='lat' dir='ltr'><strong>erudito</strong></span> <span class='ocrx_word' id='word_1_155' title='bbox 288 3278 317 3323; x_wconf 89' lang='lat' dir='ltr'><strong>et</strong></span> <span class='ocrx_word' id='word_1_156' title='bbox 338 3272 453 3340; x_wconf 85' lang='lat' dir='ltr'><strong>impigro</strong></span> <span class='ocrx_word' id='word_1_157' title='bbox 468 3270 515 3341; x_wconf 81' lang='lat' dir='ltr'><strong>qui</strong></span> <span class='ocrx_word' id='word_1_158' title='bbox 535 3271 697 3323; x_wconf 82' lang='lat' dir='ltr'><strong>correctioni</strong></span> <span class='ocrx_word' id='word_1_159' title='bbox 715 3270 886 3339; x_wconf 79' lang='lat' dir='ltr'><strong>plagulumm</strong></span> <span class='ocrx_word' id='word_1_160' title='bbox 904 3274 994 3319; x_wconf 88' lang='lat' dir='ltr'><strong>totum</strong></span> <span class='ocrx_word' id='word_1_161' title='bbox 1008 3283 1069 3319; x_wconf 78' lang='lat' dir='ltr'><strong>sese</strong></span> <span class='ocrx_word' id='word_1_162' title='bbox 1089 3266 1182 3337; x_wconf 78' lang='lat' dir='ltr'><strong>dubit3</strong></span> <span class='ocrx_word' id='word_1_163' title='bbox 1205 3271 1244 3320; x_wconf 77' lang='lat' dir='ltr'><strong>ita</strong></span> <span class='ocrx_word' id='word_1_164' title='bbox 1343 3318 1351 3343; x_wconf 62' lang='lat'><strong>,</strong></span> 
     </span>
    </p>
   </div>
   <div class='ocr_carea' id='block_1_7' title="bbox 158 3370 1242 4169">
    <p class='ocr_par' dir='ltr' id='par_1_8' title="bbox 164 3370 1242 3545">
     <span class='ocr_line' id='line_1_19' title="bbox 164 3370 1242 3443; baseline 0 -20"><span class='ocrx_word' id='word_1_165' title='bbox 164 3373 290 3443; x_wconf 83' lang='lat' dir='ltr'><strong>quidem,</strong></span> <span class='ocrx_word' id='word_1_166' title='bbox 304 3380 338 3425; x_wconf 86' lang='lat' dir='ltr'><strong>ut</strong></span> <span class='ocrx_word' id='word_1_167' title='bbox 354 3372 496 3442; x_wconf 82' lang='lat' dir='ltr'><strong>Schopeno</strong></span> <span class='ocrx_word' id='word_1_168' title='bbox 515 3372 588 3424; x_wconf 86' lang='lat' dir='ltr'><strong>nihil</strong></span> <span class='ocrx_word' id='word_1_169' title='bbox 606 3373 721 3443; x_wconf 84' lang='lat' dir='ltr'><strong>amplius</strong></span> <span class='ocrx_word' id='word_1_170' title='bbox 739 3370 888 3425; x_wconf 81' lang='lat' dir='ltr'><strong>curandum</strong></span> <span class='ocrx_word' id='word_1_171' title='bbox 911 3376 1049 3423; x_wconf 76' lang='lat' dir='ltr'><strong>remanest</strong></span> <span class='ocrx_word' id='word_1_172' title='bbox 1067 3385 1148 3440; x_wconf 79' lang='lat' dir='ltr'><strong>quam</strong></span> <span class='ocrx_word' id='word_1_173' title='bbox 1168 3371 1242 3441; x_wconf 84' lang='lat' dir='ltr'><strong>quod</strong></span> 
     </span>
     <span class='ocr_line' id='line_1_20' title="bbox 164 3474 740 3545; baseline 0.007 -20"><span class='ocrx_word' id='word_1_174' title='bbox 164 3476 222 3527; x_wconf 82' lang='lat' dir='ltr'><strong>ullis</strong></span> <span class='ocrx_word' id='word_1_175' title='bbox 238 3476 380 3529; x_wconf 86' lang='lat' dir='ltr'><strong>laboribus</strong></span> <span class='ocrx_word' id='word_1_176' title='bbox 396 3474 502 3529; x_wconf 79' lang='lat' dir='ltr'><strong>obsitus</strong></span> <span class='ocrx_word' id='word_1_177' title='bbox 514 3476 628 3545; x_wconf 79' lang='lat' dir='ltr'><strong>exsequi</strong></span> <span class='ocrx_word' id='word_1_178' title='bbox 644 3476 740 3543; x_wconf 86' lang='lat' dir='ltr'><strong>possit.</strong></span> 
     </span>
    </p>

    <p class='ocr_par' dir='ltr' id='par_1_9' title="bbox 158 3576 1242 4169">
     <span class='ocr_line' id='line_1_21' title="bbox 229 3576 1241 3649; baseline -0.003 -19"><span class='ocrx_word' id='word_1_179' title='bbox 229 3578 372 3647; x_wconf 82' lang='lat' dir='ltr'><strong>Agathiam</strong></span> <span class='ocrx_word' id='word_1_180' title='bbox 387 3576 523 3631; x_wconf 85' lang='lat' dir='ltr'><strong>edendum</strong></span> <span class='ocrx_word' id='word_1_181' title='bbox 540 3578 575 3629; x_wconf 77' lang='lat' dir='ltr'><strong>ab</strong></span> <span class='ocrx_word' id='word_1_182' title='bbox 594 3578 678 3631; x_wconf 89' lang='lat' dir='ltr'><strong>initio</strong></span> <span class='ocrx_word' id='word_1_183' title='bbox 689 3577 757 3631; x_wconf 88' lang='lat' dir='ltr'><strong>mihi</strong></span> <span class='ocrx_word' id='word_1_184' title='bbox 774 3579 830 3649; x_wconf 89' lang='lat' dir='ltr'><strong>ipsl</strong></span> <span class='ocrx_word' id='word_1_185' title='bbox 848 3594 1026 3648; x_wconf 81' lang='lat' dir='ltr'><strong>sumpseram:</strong></span> <span class='ocrx_word' id='word_1_186' title='bbox 1048 3594 1104 3648; x_wconf 84' lang='lat' dir='ltr'><strong>quo</strong></span> <span class='ocrx_word' id='word_1_187' title='bbox 1119 3582 1241 3645; x_wconf 86' lang='lat' dir='ltr'><strong>tempore</strong></span> 
     </span>
     <span class='ocr_line' id='line_1_22' title="bbox 161 3678 1242 3753; baseline -0.006 -19"><span class='ocrx_word' id='word_1_188' title='bbox 161 3682 195 3734; x_wconf 83' lang='lat' dir='ltr'><strong>sle</strong></span> <span class='ocrx_word' id='word_1_189' title='bbox 211 3680 400 3733; x_wconf 82' lang='lat' dir='ltr'><strong>huiuscemodi</strong></span> <span class='ocrx_word' id='word_1_190' title='bbox 414 3680 617 3733; x_wconf 75' lang='lat' dir='ltr'><strong>difficultatibus</strong></span> <span class='ocrx_word' id='word_1_191' title='bbox 625 3720 633 3746; x_wconf 90' lang='lat'><strong>,</strong></span> <span class='ocrx_word' id='word_1_192' title='bbox 649 3683 744 3753; x_wconf 81' lang='lat' dir='ltr'><strong>quales</strong></span> <span class='ocrx_word' id='word_1_193' title='bbox 755 3680 856 3735; x_wconf 86' lang='lat' dir='ltr'><strong>deiude</strong></span> <span class='ocrx_word' id='word_1_194' title='bbox 873 3691 1000 3753; x_wconf 86' lang='lat' dir='ltr'><strong>expertus</strong></span> <span class='ocrx_word' id='word_1_195' title='bbox 1017 3696 1086 3743; x_wconf 90' lang='lat' dir='ltr'><strong>sum,</strong></span> <span class='ocrx_word' id='word_1_196' title='bbox 1098 3695 1154 3731; x_wconf 89' lang='lat' dir='ltr'><strong>uon</strong></span> <span class='ocrx_word' id='word_1_197' title='bbox 1167 3678 1242 3747; x_wconf 79' lang='lat' dir='ltr'><strong>eogi-</strong></span> 
     </span>
     <span class='ocr_line' id='line_1_23' title="bbox 160 3780 1241 3855; baseline -0.004 -18"><span class='ocrx_word' id='word_1_198' title='bbox 160 3785 263 3853; x_wconf 76' lang='lat' dir='ltr'><strong>tsbsm5</strong></span> <span class='ocrx_word' id='word_1_199' title='bbox 281 3802 313 3837; x_wconf 83' lang='lat' dir='ltr'><strong>ao</strong></span> <span class='ocrx_word' id='word_1_200' title='bbox 327 3786 418 3850; x_wconf 85' lang='lat' dir='ltr'><strong>simul,</strong></span> <span class='ocrx_word' id='word_1_201' title='bbox 434 3788 537 3837; x_wconf 83' lang='lat' dir='ltr'><strong>maiore</strong></span> <span class='ocrx_word' id='word_1_202' title='bbox 549 3785 671 3837; x_wconf 84' lang='lat' dir='ltr'><strong>nondum</strong></span> <span class='ocrx_word' id='word_1_203' title='bbox 686 3788 802 3839; x_wconf 70' lang='lat' dir='ltr'><strong>excitato</strong></span> <span class='ocrx_word' id='word_1_204' title='bbox 820 3802 885 3855; x_wconf 86' lang='lat' dir='ltr'><strong>spe,</strong></span> <span class='ocrx_word' id='word_1_205' title='bbox 904 3784 934 3838; x_wconf 79' lang='lat' dir='ltr'><strong>id</strong></span> <span class='ocrx_word' id='word_1_206' title='bbox 947 3785 1036 3837; x_wconf 90' lang='lat' dir='ltr'><strong>solum</strong></span> <span class='ocrx_word' id='word_1_207' title='bbox 1049 3780 1119 3835; x_wconf 87' lang='lat' dir='ltr'><strong>milri</strong></span> <span class='ocrx_word' id='word_1_208' title='bbox 1139 3796 1241 3851; x_wconf 83' lang='lat' dir='ltr'><strong>propo-</strong></span> 
     </span>
     <span class='ocr_line' id='line_1_24' title="bbox 159 3882 1240 3961; baseline -0.006 -20"><span class='ocrx_word' id='word_1_209' title='bbox 159 3888 255 3941; x_wconf 84' lang='lat' dir='ltr'><strong>nebam</strong></span> <span class='ocrx_word' id='word_1_210' title='bbox 264 3928 274 3954; x_wconf 86' lang='lat'><strong>,</strong></span> <span class='ocrx_word' id='word_1_211' title='bbox 284 3897 317 3941; x_wconf 87' lang='lat' dir='ltr'><strong>ut</strong></span> <span class='ocrx_word' id='word_1_212' title='bbox 328 3890 436 3960; x_wconf 78' lang='lat' dir='ltr'><strong>vulgatu</strong></span> <span class='ocrx_word' id='word_1_213' title='bbox 451 3888 537 3943; x_wconf 83' lang='lat' dir='ltr'><strong>editio</strong></span> <span class='ocrx_word' id='word_1_214' title='bbox 555 3896 688 3961; x_wconf 77' lang='lat' dir='ltr'><strong>quotenus</strong></span> <span class='ocrx_word' id='word_1_215' title='bbox 701 3890 856 3943; x_wconf 78' lang='lat' dir='ltr'><strong>coniectura</strong></span> <span class='ocrx_word' id='word_1_216' title='bbox 872 3896 955 3961; x_wconf 81' lang='lat' dir='ltr'><strong>utque</strong></span> <span class='ocrx_word' id='word_1_217' title='bbox 966 3887 1078 3958; x_wconf 75' lang='lat' dir='ltr'><strong>ingenio</strong></span> <span class='ocrx_word' id='word_1_218' title='bbox 1096 3882 1240 3938; x_wconf 84' lang='lat' dir='ltr'><strong>sinelibris</strong></span> 
     </span>
     <span class='ocr_line' id='line_1_25' title="bbox 158 3984 1239 4064; baseline -0.006 -21"><span class='ocrx_word' id='word_1_219' title='bbox 158 3992 251 4059; x_wconf 84' lang='lat' dir='ltr'><strong>perfici</strong></span> <span class='ocrx_word' id='word_1_220' title='bbox 267 4001 362 4061; x_wconf 82' lang='lat' dir='ltr'><strong>posset</strong></span> <span class='ocrx_word' id='word_1_221' title='bbox 380 3992 585 4062; x_wconf 70' lang='lat' dir='ltr'><strong>emendaretu13</strong></span> <span class='ocrx_word' id='word_1_222' title='bbox 614 3995 708 4047; x_wconf 76' lang='lat' dir='ltr'><strong>eiectis</strong></span> <span class='ocrx_word' id='word_1_223' title='bbox 722 3993 868 4063; x_wconf 87' lang='lat' dir='ltr'><strong>plurimis,</strong></span> <span class='ocrx_word' id='word_1_224' title='bbox 901 3993 949 4064; x_wconf 87' lang='lat' dir='ltr'><strong>qui</strong></span> <span class='ocrx_word' id='word_1_225' title='bbox 970 3991 1118 4045; x_wconf 76' lang='lat' dir='ltr'><strong>Perisiusm</strong></span> <span class='ocrx_word' id='word_1_226' title='bbox 1135 3984 1239 4039; x_wconf 83' lang='lat' dir='ltr'><strong>editio-</strong></span> 
     </span>
     <span class='ocr_line' id='line_1_26' title="bbox 158 4088 1240 4169; baseline 0.003 -21"><span class='ocrx_word' id='word_1_227' title='bbox 158 4110 220 4149; x_wconf 82' lang='lat' dir='ltr'><strong>neur</strong></span> <span class='ocrx_word' id='word_1_228' title='bbox 236 4093 359 4163; x_wconf 73' lang='lat' dir='ltr'><strong>foedant,</strong></span> <span class='ocrx_word' id='word_1_229' title='bbox 373 4094 521 4161; x_wconf 71' lang='lat' dir='ltr'><strong>erroribus,</strong></span> <span class='ocrx_word' id='word_1_230' title='bbox 537 4097 742 4169; x_wconf 71' lang='lat' dir='ltr'><strong>temermiirque</strong></span> <span class='ocrx_word' id='word_1_231' title='bbox 755 4094 957 4153; x_wconf 73' lang='lat' dir='ltr'><strong>rorationibus.</strong></span> <span class='ocrx_word' id='word_1_232' title='bbox 992 4095 1120 4165; x_wconf 68' lang='lat' dir='ltr'><strong>legeram</strong></span> <span class='ocrx_word' id='word_1_233' title='bbox 1129 4088 1240 4151; x_wconf 67' lang='lat' dir='ltr'><strong>libfflmo</strong></span> 
     </span>
    </p>
   </div>
   <div class='ocr_carea' id='block_1_8' title="bbox 0 0 1560 4950">
    <p class='ocr_par' dir='ltr' id='par_1_10' title="bbox 0 0 1560 4950">
     <span class='ocr_line' id='line_1_27' title="bbox 0 0 1560 4950; baseline 0 3"><span class='ocrx_word' id='word_1_234' title='bbox 0 0 1560 4950; x_wconf 95' lang='lat' dir='ltr'><strong> </strong></span> 
     </span>
    </p>
   </div>
  </div>
 </body>
</html>
