3109 4950
509 342 791 416 msnennnsm
819 346 860 411 u.
881 352 931 430 ιι.
1200 320 1261 447 93

180 498 243 565 τόν
270 497 436 584 ντημότων
460 496 501 563 τό
529 503 768 587 τιμαλφέστατα
794 502 829 567 έν
854 500 933 589 τᾷδε
956 500 1001 589 τῷ
1024 496 1182 589 φρουρίη,
1214 501 1290 579 sien
1301 516 1331 569 c.
1351 518 1405 576 sss

179 597 304 663 ἁλῶναί
322 620 359 681 γε
385 594 461 663 αότὸ
482 590 540 663 οὖν
564 595 651 680 ένὸν,
678 600 865 685 ἕσενῆνεντο.
893 596 1100 683 οἷσχόλλοντες
1121 602 1157 665 δὲ
1174 587 1305 682 όμωςιι
1319 604 1352 660 ²7

178 696 234 763 εἀί
251 699 290 783 τῇ
309 698 372 761 τοόν
389 696 560 777 Ῥωμαίων
579 697 832 787 προσκαθεδρίηι,
860 696 919 763 ιιαί
931 694 1062 784 αἰσχρόν
1078 696 1243 783 ἡγούμενοι
1248 717 1290 778 ,Β

178 798 210 860 εἰ
221 796 365 877 μέλλοιεν
384 790 467 861 οὕτω
485 794 524 882 δὴ
541 793 671 861 έπιπολό
691 797 726 861 έν
745 796 899 887 περιβόλιρ
916 795 1032 885 μετρίηι
1054 801 1262 883 ξυνειλῆφθαι

153 893 231 963 ’διαί
245 892 517 982 έγνατείργεσθαι,
548 894 703 983 ἐκδρομὰς
719 900 779 979 μὲν
796 895 876 962 κατὰ
892 898 955 961 τῶν
973 889 1152 961 ἀντιπάλων
1164 894 1257 979 θαμὰ

177 996 337 1059 ε’ποιοῦντο
347 1044 357 1075 ,
390 991 426 1057 εἴ
441 1020 508 1071 πως
527 986 566 1060 όν
588 992 703 1071 αότοός
720 998 847 1061 ένθένδε
865 994 1059 1073 susumus
1084 997 1258 1081 δυνηθεῖεν,

177 1086 269 1157 ο-όδὲν
287 1094 324 1156 δὲ
341 1085 367 1172 ό,
383 1115 417 1155 τι
438 1093 494 1159 καί
507 1092 630 1179 μνήμης
653 1086 740 1173 όξιον
753 1092 922 1182 ἔπρασσον.

256 1188 311 1255 ιδ’.
346 1190 397 1255 Ἐν
420 1190 542 1269 τούτοις
566 1194 601 1257 δὲ
630 1195 687 1266 τοῦ
712 1195 868 1277 χειμῶνος
890 1194 1067 1280 τριβόντος,
1105 1188 1175 1277 ἅμα
1199 1189 1284 1280 ἧριλ.
1304 1211 1332 1263 c.
1351 1213 1403 1281 ⁵⁵4

176 1280 359 1380 ἆρχομένηι,
381 1294 414 1367 ές
434 1291 545 1375 λόγους
562 1293 668 1357 ἐλθεῖν
687 1294 732 1381 τῷ
756 1295 873 1379 Ναρσῇ
888 1292 907 1359 o‘
924 1290 1096 1379 Ῥόγναρις
1118 1298 1181 1359 τιόν
1196 1284 1349 1358 rurs-L1⁴²8

131 1387 299 1474 ,mpsivceos
316 1390 389 1474 πέρι
406 1391 523 1475 χρῆναι
546 1388 657 1477 ηἰηθη,
677 1391 732 1455 καί
746 1383 804 1455 οὖν
819 1392 1083 1477 ἐπιτετραμμένον
1098 1394 1182 1480 αὐτῷ
1194 1420 1257 1458 πει·

176 1488 235 1573 ρῆν
246 1482 312 1567 ἅμα
329 1482 440 1571 όλίγοις
456 1490 490 1553 έν
508 1487 696 1577 μεταιχμιλμ,
719 1492 910 1574 ξυνηλθέτην
926 1514 961 1553 τε
977 1483 1077 1579 όμφῳ
1095 1494 1128 1567 ές
1144 1486 1255 1573 ταύτὸ,

177 1583 233 1649 καί
245 1584 343 1650 πολλοὶ
363 1578 446 1651 όττα
467 1587 674 1671 διελεγέσθην.
700 1583 866 1653 testreet
889 1592 1020 1675 Ναρσῆς
1042 1588 1098 1655 τόν
1117 1589 1256 1673 ‘Perve-

176 1687 278 1769 ριν,,ε’ς
298 1684 482 1765 ἀλαζονείαν
503 1679 655 1771 η’ρμένον,
685 1686 740 1751 καί
757 1688 886 1775 πλείστη
904 1687 1066 1774 χριόμενον
1084 1695 1256 1773 μεγαληγο-

143 1844 151 1853 ,
175 1786 229 1871 ριἠι
238 1833 249 1866 ,
269 1784 313 1859 οός
333 1782 487 1866 μειζόνων
500 1809 534 1849 τε
555 1780 576 1870 ἢ
597 1787 664 1849 κατ’
680 1779 957 1873 aistetensem,
976 1783 1037 1853 κόν
1053 1790 1109 1853 τοῦ
1122 1773 1255 1873 δπερτό-

139 1914 150 1952 ι
157 1894 236 1970 ὅρου
257 1884 492 1965 ἐπικομπόζειν,
523 1884 665 1949 διέλυσεν
680 1879 797 1949 αὐτίκα
816 1882 875 1969 τὴν
895 1886 1080 1969 ξυνουσίαν,
1106 1881 1282 1972 καίᾶπηςΰ

176 1983 323 2068 γόρευσον
337 1985 376 2069 τῇ
389 1981 550 2065 ξυμβάσει,
570 1981 625 2047 καί
635 1982 800 2067 α’πέπεμπέ
810 2006 846 2066 γε
860 1981 959 2049 αὐτόν
968 1975 1063 2060 αὖθις
1073 1986 1106 2059 ές
1118 1983 1257 2051 τοόπίσυο

176 2076 337 2168 ἄπρακτον
347 2082 402 2147 ἐπί
413 2091 476 2161 τοῖς
488 2084 649 2168 προτέροις
664 2084 830 2163 μενοῦντα.
857 2076 875 2145 ό
894 2083 929 2145 δέ
948 2080 1055 2167 ἐπειδη
1065 2085 1100 2151 έν
1112 2087 1158 2171 τῷ
1167 2081 1256 2173 λόφηι

168 2181 329 2265 ,ε’γεγόνει,
348 2184 405 2245 καί
420 2174 478 2267 ἤδη
496 2176 534 2245 οὗ
557 2178 664 2267 πόρρω
684 2184 742 2248 τοῦ
761 2178 887 2264 τείχους
906 2180 1039 2267 ἀφῖκτο,
1057 2183 1258 2265 pecuarius

175 2276 227 2345 ότι
255 2279 292 2366 δη
316 2281 405 2369 nicei
420 2280 513 2345 οὐδὲν
538 2278 644 2347 ότιοῦν
668 2280 731 2345 ruis
751 2280 961 2345 ἐλπισθέντων
977 2274 1097 2365 ἀπέβη,
1128 2264 1257 2354 &mesiae
1288 2311 1308 2351 ·,

137 2374 279 2464 ,οῆρέμα
299 2376 462 2465 λαθραίως
482 2374 517 2443 τό
535 2377 643 2460 τόξον,
663 2375 719 2443 καί
733 2372 798 2442 εἶτα
815 2372 935 2463 ἀθρόον
948 2382 1197 2465 μεταστραφείς,
1217 2373 1258 2445 ό·

175 2479 267 2564 φίησι
296 2483 387 2562 βέλος
406 2477 462 2544 tet
483 2481 541 2542 τοῦ
561 2482 712 2566 Ναρσοῦ,
733 2468 888 2564 διήμαρτε
908 2479 1018 2542 essue
1034 2481 1161 2551 σκοποῦ.
1187 2474 1257 2551 ἔτεϊ,

244 2601 268 2650 8.
290 2597 322 2651 ἐν
341 2597 454 2656 τούτοις
471 2602 511 2664 lt,
532 2597 563 2652 ἐν
579 2598 668 2666 τούτῳ
684 2599 754 2668 vulg.
818 2615 856 2651 ιι.
874 2610 904 2650 τε
923 2599 969 2661 n,
988 2596 1019 2652 δὲ
1035 2598 1108 2668 vulg.
1159 2600 1199 2654 13·
1219 2596 1255 2650 ri«

245 2669 378 2730 λαζονίαν
403 2673 431 2721 R.
504 2672 542 2724 15.
561 2667 757 2740 ἀπηγόρευσεν
774 2670 822 2745 R„
840 2667 1003 2740 ἀπηγόρευε
1020 2669 1090 2739 vulg.

177 2789 251 2840 enim
262 2805 351 2841 rerum
359 2787 571 2842 necessariarum
589 2789 667 2857 eopia
678 2787 856 2840 abundabant
867 2805 943 2852 ,com
957 2796 986 2840 et
999 2798 1178 2842 commeatum
1197 2806 1256 2840 om-

177 2875 241 2908 nem
260 2869 360 2929 quanto
375 2877 443 2928 opus
465 2867 523 2910 erat
536 2867 564 2910 et
577 2875 610 2910 ex
626 2859 802 2910 facultatibus
814 2859 869 2909 suis
882 2860 1074 2940 pretiosissima
1085 2876 1211 2930 quaeque
1225 2860 1257 2911 in

177 2929 541 3000 illudesstellumtanqunm
554 2927 764 2998 inexpugnabile
779 2937 974 2980 convenissent.
1010 2931 1125 2981 Moleste
1135 2929 1199 2981 ver'o
1210 2932 1257 2982 ni·-
1349 2960 1353 2966 -

176 2997 325 3051 hilomiuus
342 2999 467 3050 ferebant
479 3001 660 3050 Romanorum
673 2997 861 3062 obsidionem,
879 3006 908 3049 et
922 3006 1002 3066 turpe
1016 2999 1068 3051 rati
1086 3001 1109 3050 si
1126 2999 1172 3050 diu
1187 3000 1256 3052 adeo

176 3071 272 3139 exiguo
291 3070 394 3120 ambitu
408 3067 576 3137 circumsepti
597 3066 838 3132 concluderentur,
866 3068 1023 3138 frequentes
1040 3069 1069 3119 in
1083 3067 1189 3121 hostem
1207 3086 1256 3120 ex-

177 3142 312 3192 cursiones
330 3139 483 3202 laciebant,
511 3139 532 3189 si
550 3155 604 3208 quo
626 3137 706 3190 modo
729 3155 774 3190 eos
792 3137 859 3190 inde
874 3137 1017 3208 profligare
1032 3147 1160 3208 possent5
1186 3138 1258 3192 nihil

176 3225 238 3262 vero
254 3211 339 3262 relatu
355 3208 465 3278 dignum
480 3213 600 3261 effecere.

248 3281 286 3348 sl.
323 3281 418 3332 Hieme
431 3289 521 3331 autern
533 3279 564 3330 iu
586 3278 637 3331 hoe
652 3285 805 3340 transacta,
828 3275 919 3328 statim
936 3275 1050 3330 ineunte
1066 3294 1129 3330 vere
1150 3279 1262 3348 Regnaf.

178 3351 213 3401 ris
232 3351 421 3418 paciscendum
439 3350 493 3402 sibi
511 3352 540 3402 iu
554 3366 611 3401 rem
623 3358 794 3418 praesentem
812 3364 873 3398 eum
884 3348 996 3400 Nassete
1014 3349 1128 3417 putavit
1155 3349 1259 3418 Libero

177 3419 275 3489 itaque
289 3429 439 3473 commeatu
458 3430 583 3490 accepto,
610 3420 644 3471 ad
664 3419 804 3470 Narsetcm
832 3419 925 3487 paucis
949 3421 1091 3471 comitatus
1119 3416 1257 3471 inlocum

177 3493 249 3542 inter
267 3493 414 3542 exercitum
430 3500 459 3544 et
479 3492 618 3542 castellum
644 3487 837 3541 intermedium
854 3489 947 3555 venit3
974 3491 1163 3558 congressique
1184 3491 1256 3540 inter

177 3563 311 3613 sevarios
333 3578 468 3613 sermones
488 3564 655 3614 miscuerunt
674 3569 702 3612 et
728 3560 920 3628 disceptarunt
956 3559 1059 3612 Videns
1078 3559 1170 3610 sutem
1187 3553 1257 3610 Nar·

177 3647 218 3682 ses
237 3633 377 3702 Regnnrim
397 3632 523 3700 superbia
549 3633 665 3694 elatum,
693 3631 834 3700 multaque
851 3627 996 3682 verborum
1025 3631 1156 3681 iactantia
1174 3639 1256 3694 uten-

176 3709 245 3763 tem,
264 3711 291 3752 et
310 3703 411 3754 maiora
430 3719 509 3772 quam
528 3703 616 3770 ipsum
636 3701 744 3754 deceret
762 3699 962 3770 postulantem,
979 3701 1132 3768 mirumque
1150 3699 1179 3750 in
1195 3719 1256 3752 mo-

177 3771 240 3823 dum
261 3789 292 3823 ea
318 3789 492 3842 exaggerare,
524 3773 666 3826 confestim
685 3772 853 3841 colloquium
880 3771 979 3832 solvit,
1005 3779 1034 3820 et
1058 3772 1256 3838 compositione

175 3844 357 3913 pectioueque
375 3852 489 3913 negem,
509 3843 611 3894 inlecta
631 3859 659 3893 rc
680 3842 714 3893 ud
733 3858 796 3894 suos
816 3842 928 3893 remisit„
987 3841 1016 3890 ui
1034 3856 1094 3890 cum
1109 3840 1139 3890 in
1158 3843 1257 3904 collem

176 3914 319 3976 evasisset,
348 3915 457 3986 iamque
477 3929 533 3963 non
551 3913 646 3981 procul
664 3929 679 3962 a
696 3929 772 3962 muro
792 3911 918 3973 abesset,
942 3909 971 3959 in
993 3909 1054 3978 igne
1073 3909 1163 3963 serens
1183 3911 1258 3964 nihil

175 3984 256 4051 plane
281 3997 310 4034 se
336 3999 429 4035 eorum
457 3999 526 4055 quae
551 3989 671 4050 sperarat
695 3989 869 4034 consecutum
876 4018 884 4044 ,
910 3979 1011 4032 sensim
1039 3986 1067 4032 et
1091 3981 1159 4032 clam
1175 3992 1255 4040 tenso

176 4069 239 4116 areu
249 4091 266 4118 ,,
280 4053 427 4126 subitoque
446 4069 597 4115 conversus,
616 4053 737 4120 sagittam
757 4059 830 4104 recta
848 4053 877 4102 in
887 4047 1027 4102 Nassetem
1042 4057 1170 4122 torquet;
1184 4070 1256 4125 quae

176 4126 293 4192 ascopo
312 4124 438 4177 oberrans
457 4123 586 4173 aliorsum
604 4121 695 4173 delata
713 4119 830 4184 cecidit,
854 4119 963 4171 nemine
986 4119 1068 4174 laeso.
1105 4122 1257 4176 Consecuta

174 4200 238 4256 vero
258 4193 349 4246 statim
377 4201 419 4248 est
435 4208 525 4264 poena
553 4189 662 4262 barbari
687 4189 994 4262 hominignequitiaps.
1040 4188 1163 4259 Nemetis,
1183 4193 1258 4244 enim

176 4252 303 4323 satellite
315 4266 380 4331 laeti
396 4262 583 4350 praefidentis
596 4262 803 4334 temeritateque
822 4261 926 4340 irritati
941 4260 1044 4334 sagittis
1069 4256 1130 4338 cusp
1144 4269 1257 4333 petunt,
