3109 4950
506 310 788 377 msronmuuro
818 315 859 376 11.
880 315 910 383 s.
1200 279 1252 393 73

171 468 206 539 τό
231 465 413 556 στράτεόμα
439 462 497 531 ode
518 463 700 551 ἐπεπόμφει·
724 465 781 529 καὶ
801 459 1013 543 laeetania,
1033 458 1076 538 αἱς
1094 461 1152 525 oris
1167 452 1209 527 όν
1222 461 1333 538 dede.
1348 476 1401 534 553

172 570 504 651 τοσοῦτονέμόλλησεν,
526 566 556 631 εἰ
568 562 613 650 μή
631 590 662 630 τι
671 564 778 641 αὐτοῖς
795 562 972 649 ξυνηνέχθη
987 557 1089 626 δεινὸν
1103 562 1160 625 καί
1167 558 1255 625 άνεί-

174 674 257 749 ξονν·
273 664 354 751 πλὴν
380 661 460 731 ἄλλά
480 661 536 729 καὶ
557 661 683 731 ἐκείνων
705 653 781 727 duca
800 662 1002 747 περιέσεσθαι
1027 659 1089 725 τιόν
1103 658 1259 739 πολεμίων

172 767 293 852 ἡγεῖτο,
323 760 379 831 ἅτε
404 762 443 849 δὴ
464 764 510 853 τῷ
540 760 656 847 πλήθει
677 763 732 827 καί
748 755 794 838 oie
815 759 1029 845 ὑπερβάλλων.
1047 761 1082 835 ἐς
1095 767 1179 843 τρεῖς
1197 753 1257 841 γάρ

153 865 258 955 bodasi
277 861 417 947 μάλιστα
435 858 596 949 μυριάδας
613 858 764 943 μαχιξιιων
784 858 911 944 ἀνδρῶν
930 855 952 943 ἦ
968 858 1134 942 λειπομένη
1158 880 1258 941 στρα-

1263 549 1355 618 [lap

172 963 226 1031 τιά
251 962 462 1041 inseruissem·
477 959 497 1046 ἦ
515 961 551 1025 dd
574 962 637 1063 τρόν
650 958 822 1041 Ῥωμαίων
836 954 972 1040 όόναμις
988 953 1080 1038 μόλις
1101 958 1138 1021 ἐν
1163 953 1260 1021 όκεω-

172 1065 301 1129 καίθεκα
323 1060 465 1145 χιλιάσιν
489 1057 661 1142 ἐτύγχανεν
679 1050 769 1134 οὖσα.

255 1163 283 1225 ἑ.
323 1156 433 1237 Αὐτός
452 1182 486 1225 τι
516 1155 554 1243 δὴ
582 1148 637 1223 οὖν
664 1149 728 1223 ὧδέ
751 1181 819 1234 πως
841 1146 958 1241 άριστα
978 1148 1048 1240 εἶχε
1065 1156 1257 1241 προθυμίας,

174 1262 229 1327 καὶ
246 1253 363 1325 ἅπαντι
376 1260 419 1348 τῷ
441 1260 564 1347 στρατῷ
579 1254 802 1344 παρεκελεύετο
820 1254 1017 1340 γιγνώσκειν,
1045 1254 1089 1332 ὥς
1109 1252 1126 1323 ό
1146 1250 1257 1341 παριόν

137 1354 268 1445 ιοοῖγαόν
289 1358 346 1422 cdx
365 1358 428 1439 s'm'¹
439 1358 561 1443 σμικρῷ
578 1380 641 1423 τινι
656 1352 807 1441 χωρήσει,
826 1354 916 1436 ,ἀλλ’
932 1347 953 1439 ἢ
968 1355 1169 1436 καθέλξσμεν,’1
1188 1349 1292 1438 ἔφαγε

174 1455 253 1543 ,τὴν
265 1458 417 1539 Ἰταλίαν,
437 1447 475 1521 οὗ
495 1454 534 1539 δὴ
554 1452 610 1519 καί
624 1458 709 1521 ἕκατι
724 1452 921 1541 ἀφικόμεθα,
941 1445 963 1538 ἢ
985 1452 1162 1533 λελείψεται
1184 1447 1261 1537 ἡμῖν

160 1552 295 1621 *daucos
311 1555 426 1632 ostede
435 1555 551 1621 ἐνθάδε
558 1550 719 1620 τεθνάναι.
740 1552 854 1617 οὐκοῦν
870 1548 940 1617 τόδε
955 1552 1047 1636 ἡμᾶς,
1067 1545 1095 1615 nl
1103 1559 1261 1634 γενναῖοι,

175 1650 245 1721 ἀντ’
263 1656 379 1720 ἐκείνου
401 1649 534 1719 ἑλέσθαι
557 1650 723 1741 προσήκει,
756 1649 826 1728 ἐξόν
852 1643 972 1737 ἄνδρας
997 1647 1137 1734 α’γαθοός
1159 1652 1196 1715 ἐν
1211 1652 1257 1737 τῷ

174 1756 298 1841 πολέμῳ
324 1756 540 1837 γιγνομένους,
569 1750 749 1817 ἀπόνασθαι
773 1742 819 1817 ὧν
849 1752 1038 1839 ἔφιόμεθα,”
1076 1753 1261 1822 Romanor

138 1854 237 1935 ιὸμὲν
253 1844 310 1918 οὖν
325 1850 473 1920 ταῦτάτε
495 1850 550 1916 καὶ
567 1849 607 1917 τά
626 1853 732 1916 τοιάδε
751 1852 915 1937 παραινοῦν
935 1859 1001 1925 τοῖς
1024 1851 1178 1932 πλήθεσιν
1200 1845 1260 1911 odas

177 1950 267 2018 άνιέι.
288 1950 319 2016 οἱ
335 1953 370 2015 δὲ
391 1947 625 2039 ἕπεῤῥιόννοντο
644 1958 719 2027 ταῖς
740 1950 846 2016 ε’λπίσι
857 2000 868 2031 ,
893 1947 950 2015 καὶ
963 1946 1002 2015 τά
1025 1943 1124 2031 ὅπλα,
1151 1939 1196 2023 σός
1214 1971 1259 2030 my

175 2046 296 2139 ἑκάστῳ
320 2054 430 2137 φιλον,
452 2048 728 2136 παρεσκευάζοντο.
762 2050 824 2118 uidi
853 2052 913 2131 μὲν
937 2046 1000 2134 γάρ
1022 2052 1160 2125 πελέκεις
1184 2044 1261 2130 sm}-

175 2170 266 2233 γοντο
281 2151 405 2231 πολλοὶ,
426 2148 489 2214 cidi
507 2152 543 2215 δὲ
568 2148 609 2213 τά
626 2148 782 2236 ἐπιχώρια
802 2145 942 2233 δόρατα,
971 2148 1002 2214 οἱ
1020 2141 1171 2232 άγγωνες,
1191 2142 1259 2211 ἑτέ-

175 2252 260 2333 ρωθι
274 2250 311 2313 δὲ
332 2250 394 2313 τῶν
414 2250 557 2313 ἀσπίδων
576 2248 611 2315 αἱ
633 2248 842 2335 διερρωγοῖαι
864 2245 942 2335 πρὸς
965 2246 1001 2315 τό
1023 2246 1148 2334 ἐνεργόν
1165 2267 1262 2327 μετε-

136 2348 330 2428 anamodus,
356 2349 412 2433 καί
429 2346 546 2435 ριγδιλσς
565 2348 670 2425 αὐτοῖς
686 2340 812 2413 inam
833 2348 1077 2434 παρεσκεύαστο.
1108 2347 1177 2431 λιτὴ
1200 2344 1294 2432 γάρρ

177 2448 267 2512 τοῦδε
278 2448 336 2512 τοῦ
352 2442 467 2524 ἔθνους
487 2444 508 2533 ἦ
526 2442 664 2530 ὅπλισις,
685 2450 740 2532 καὶ
757 2449 810 2519 οἷα
826 2446 864 2513 οὖ
886 2452 1037 2532 τεχνιτῶν
1055 2450 1183 2512 δεῖσθαι
1190 2468 1262 2510 ποι-

176 2549 287 2628 κιλων,
302 2538 499 2630 ἢμόνον·όπ’
509 2543 721 2630 adsciscimus
740 2551 805 2614 τῶν
818 2549 992 2633 χρωμένων
1010 2551 1262 2629 διακοσμεῐσθαι,

183 2675 187 2682 -
245 2647 442 2714 θέκελνωνλλ,
459 2649 570 2702 ἐκείνου
583 2651 653 2720 vulg.
662 2659 691 2704 et
701 2654 786 2720 lntpr.
826 2646 906 2715 ιι.δῆ
915 2653 963 2703 καὶ
971 2651 1011 2704 ἔκ.
1027 2655 1066 2716 lc,
1083 2646 1117 2716 δὴ
1133 2648 1174 2701 ἓν.
1189 2648 1262 2718 vulg.

183 2766 187 2773 .
247 2715 351 2771 suasos
364 2724 443 2779 τεθν,
460 2722 601 2790 1t.,lntpr.
621 2717 667 2776 lu'c
681 2725 839 2787 moriemur,
859 2711 891 2775 τό
905 2727 980 2775 τεθν.
1003 2724 1073 2794 vulg.
1127 2739 1166 2791 ιγ.
1180 2723 1265 2783 ξυνε-

249 2787 456 2852 σκεσάζοντολλ.
495 2789 1045 2866 19,dscp'p‘oyotmR.‚dsep'p‘oyviasvulg.
1095 2793 1264 2864 αλλκαλμ,

180 2925 245 2978 dum
256 2925 424 2994 inaudierat3
446 2926 596 2980 mirabatur
612 2943 674 2982 vero
690 2928 765 2998 quod
785 2930 811 2982 ei
826 2931 916 2998 copias
940 2947 1015 2994 suas,
1033 2931 1074 2981 uti
1094 2929 1167 2982 inter
1189 2930 1264 2998 ipsos

179 3007 354 3060 convenerat,
381 3015 438 3048 non
454 2999 587 3062 misisset,
618 3000 792 3070 suspicioque
810 3001 864 3069 ipsi
886 3000 1035 3061 incidebat,
1056 3016 1113 3050 non
1134 3007 1188 3050 tarn
1215 2997 1264 3049 diu

177 3067 327 3120 tardaturas
345 3070 437 3130 fuisse,
457 3069 511 3120 nisi
526 3071 565 3120 eis
582 3067 688 3138 aliquid
703 3071 808 3122 sinistri
826 3069 985 3140 adversique
1002 3068 1159 3120 accidisset:
1186 3067 1265 3121 nihi-

177 3137 295 3190 lominus
310 3145 400 3192 tamen
422 3141 504 3191 etiam
524 3141 584 3192 sine
600 3139 657 3192 illis
676 3141 817 3193 victoriam
831 3157 860 3192 se
876 3140 910 3192 ab
927 3141 1053 3193 hostibus
1065 3143 1266 3207 reportaturum

178 3209 322 3276 censebat3
348 3211 451 3281 quippe
479 3212 526 3280 qui
546 3209 590 3263 vel
618 3213 657 3261 sic
681 3213 819 3280 copiarum
837 3209 1014 3262 multitudine
1030 3216 1101 3260 esset
1131 3209 1264 3276 superior.

178 3277 235 3348 Qui
259 3282 332 3332 enim
354 3282 409 3350 ipsi
429 3282 550 3351 reliquus
573 3288 630 3332 erat
653 3283 787 3334 exercitus
806 3281 840 3333 ad
860 3283 972 3352 triginta
993 3281 1157 3332 bellatorum
1178 3278 1267 3331 millia

177 3349 337 3416 accedebat,
356 3354 535 3406 Romanorum
553 3369 616 3403 vero
629 3353 762 3404 exercitus
776 3352 888 3404 vixdum
904 3359 963 3404 erat
971 3351 1089 3402 millium
1105 3348 1267 3402 octodecim.

248 3421 272 3472 5.
310 3423 446 3494 Quocirca
464 3431 491 3474 et
514 3423 573 3492 ipse
617 3440 679 3474 uam
701 3423 804 3492 optime
829 3424 962 3475 animatus
981 3431 1039 3474 eret
1060 3429 1089 3473 et
1110 3422 1269 3471 universum

178 3491 326 3542 exercitum
343 3492 510 3557 hortabatur,
527 3511 583 3548 non
598 3439 635 3546 de
647 3495 743 3564 exigua
757 3494 849 3563 aliqua
859 3510 887 3544 re
902 3511 934 3546 eo
947 3494 1054 3564 proelio
1065 3489 1269 3544 decernendum

180 3575 252 3623 esse,
277 3563 341 3622 „scd
361 3571 408 3616 aut
422 3565 543 3629 ltaliam,
571 3566 680 3634 inquit,
707 3565 784 3617 cuius
809 3582 886 3617 causa
905 3567 1043 3626 venimus,
1070 3560 1268 3622 obtinebimus,

177 3638 226 3682 aut
240 3631 293 3683 hoc
308 3652 393 3685 unum
409 3635 517 3687 iamiam
534 3636 614 3688 nobis
628 3634 764 3706 reliquum
779 3637 847 3700 erit,
865 3643 897 3688 ut
915 3653 1008 3688 omnes
1027 3632 1139 3703 inglorii
1163 3632 1268 3682 moria-

177 3709 244 3752 mur.
282 3704 354 3756 Illud
369 3707 461 3776 itaque
476 3724 526 3758 nos
544 3708 655 3776 potius,
675 3709 727 3759 viri
754 3707 854 3771 fortes,
881 3723 961 3778 quam
986 3707 1054 3768 hoc,
1085 3703 1156 3754 velle
1180 3701 1267 3754 debe*

177 3787 250 3838 mus;
275 3790 336 3826 cum
358 3777 387 3828 in
407 3783 499 3830 nostra
517 3796 598 3830 manu
614 3779 650 3834 sit
669 3778 802 3847 positum,
820 3779 843 3830 si
862 3779 966 3829 strenui
982 3793 1041 3828 esse
1055 3774 1177 3835 velimus,
1197 3789 1269 3843 quae

178 3851 302 3912 optamus
319 3847 475 3917 consequi.”
511 3848 647 3905 Butilinus
667 3847 843 3918 itaquehisce
862 3848 978 3917 aliisque
996 3844 1087 3898 verbis
1109 3843 1268 3896 multitudi-

177 3929 240 3964 nem
257 3913 362 3969 hortari
373 3935 428 3970 non
445 3915 603 3974 desistebat.
639 3919 675 3970 Hi
688 3937 752 3971 vero
772 3918 844 3970 bona
860 3935 908 3988 spe
934 3917 1011 3979 fulti,
1029 3932 1100 3966 arma
1119 3921 1151 3968 ut
1167 3917 1269 3984 cuique

181 3983 270 4034 visum
286 3995 343 4038 erat
362 3988 539 4058 apparabant.
575 3989 650 4041 Alibi
671 3991 743 4040 enim
760 4005 867 4040 secures
881 3988 982 4057 multae
1001 3986 1181 4049 acuebantur,
1199 3985 1268 4037 alibi

177 4055 266 4122 patria
284 4053 409 4122 hastilia,
436 4075 505 4130 quae
522 4059 576 4127 ipsi
603 4076 721 4128 angones
738 4068 851 4121 vocant,
871 4058 938 4110 alibi
962 4065 1036 4109 scuta
1058 4057 1207 4119 confracta,
1236 4063 1268 4107 ut

152 4165 161 4171 .
181 4126 244 4176 usui
263 4134 362 4190 essent,
381 4128 582 4192 reficiebantur,
603 4129 737 4198 facileque
754 4130 821 4197 ipsis
841 4131 930 4181 omnia
948 4129 1160 4181 instruebantur.
1196 4125 1266 4176 Vilis

183 4196 256 4246 enim
276 4206 317 4250 eet
335 4206 364 4250 et
379 4201 504 4270 neglecta
522 4199 603 4251 huius
622 4200 741 4251 nationis
760 4207 891 4252 armatura
914 4218 1038 4271 quaeque
1060 4200 1140 4250 variis
1158 4195 1266 4265 opifici-

180 4255 232 4318 bus
250 4284 307 4322 non
325 4269 463 4342 indigeat,
482 4271 530 4327 sed
550 4270 631 4326 facile
653 4270 686 4327 ab
705 4273 780 4345 ipsis,
799 4273 848 4342 qui
867 4280 1039 4335 cantantur,
1067 4273 1089 4323 si
1110 4265 1177 4339 quid
1196 4265 1265 4321 forte
