3109 4950
318 242 397 343 tui
759 265 971 337 scitust

108 470 109 475 η
163 428 192 481 Α·
206 426 425 494 c--tttmatrr
444 408 588 509 οἱύρνις,
615 411 682 505 risi
703 416 793 496 κύνες
810 420 870 485 oria
885 417 1001 485 αὐτίκα
1020 420 1240 507 ἐπιφοιτῶντες
1256 422 1394 489 διασπα·

213 499 234 552 Ῐ·
243 498 304 552 ¹⁹²⁸
313 517 443 607 ράξαιεν
451 526 468 603 ,’
481 523 593 587 τοῦτον
612 516 651 605 δη
671 518 820 604 ἡγοῦνται
834 514 887 583 sir
902 510 1073 604 ἄνθρωπον
1086 521 1220 603 βέβηλον
1232 523 1395 604 γεγονέναι

305 616 376 695 τούς
393 618 542 704 τρόπους,
570 614 626 684 καί
639 613 694 702 την
711 615 822 701 ψυχὴν
836 613 945 683 ύδικον
965 620 1020 684 καί
1037 617 1255 703 βαραθρώδη,
1281 620 1338 683 καί
1350 624 1395 708 τῷ

306 718 390 804 κακῷ
408 716 533 797 δαίμονι
556 716 731 799 ἀνειμένην.
754 716 826 779 τότε
843 713 882 800 δὴ
900 708 958 781 ούν
975 713 1030 779 καί
1044 719 1168 797 μᾶλλον,
1182 716 1212 781 οἱ
1226 717 1395 803 ἐπιτήδειοι

306 812 359 879 τὸν
379 815 518 894 κείμενον
541 812 767 899 ὀλοφύρονται,
799 814 843 891 ὥς
868 814 1042 879 τελεώτατα
1062 812 1249 899 τεθνηκότα,
1281 814 1337 881 καί
1356 807 1414 883 orit

305 911 400 995 μετὸν
419 907 505 1001 αύτῷ
522 916 576 997 τῆς
596 913 764 998 κρείττονος
782 913 903 999 μοίρας.
934 908 969 989 ὃς
981 915 1016 978 δὲ
1031 906 1070 979 ἀν
1084 914 1217 997 τάχιστα
1231 919 1395 1003 καταβρω-

306 1010 397 1095 θείη,
433 1014 644 1097 μακαρίζουσι
673 1012 727 1096 τῆς
754 1005 974 1093 εὐδαιμονίας,
1003 1010 1058 1077 καί
1082 1011 1140 1095 τὴν
1162 1012 1272 1098 ψυχὴν
1295 1013 1394 1101 ύπερ-

306 1104 435 1191 ἄγανται
453 1109 496 1187 uic
518 1112 589 1175 λίαν
606 1110 736 1195 ἀρίστην
763 1113 819 1174 καί
838 1112 1011 1177 θεοείκελον
1042 1112 1097 1175 καὶ
1115 1113 1149 1186 ἐς
1165 1110 1219 1176 τὸν
1243 1114 1300 1177 τού
1316 1107 1393 1196 ἀγα-

228 1213 255 1265 Ρ.
265 1208 299 1268 ot
307 1211 369 1273 θοῦ
382 1212 487 1295 χῶρον
503 1210 745 1293 ἀναβησομὲνην.
774 1207 804 1294 οξ
822 1210 857 1273 δὲ
878 1210 988 1275 πολλοὶ
1001 1207 1058 1275 καί
1075 1204 1261 1298 ἀσημότεροι
1288 1211 1392 1293 εἴποο

305 1308 340 1371 ἐν
364 1310 560 1395 στρατοπέδῳ
587 1309 714 1391 τύχοιεν
742 1306 824 1397 νύσιρ
850 1307 914 1375 τινί
938 1310 1157 1399 δυσκολατάτη
1183 1313 1436 1393 aequanimam

229 1403 420 1488 γύίιέμπνοι
440 1405 487 1471 ε”τι
504 1400 632 1490 ἀγσνται
655 1407 709 1472 καί
729 1406 888 1495 νηφάλιοι.
921 1406 1051 1474 ἐπειδάν
1074 1412 1111 1474 δέ
1125 1436 1171 1487 τις
1192 1406 1293 1486 ούτοος
1309 1413 1394 1478 ἐκτε-

304 1506 395 1590 θειή,
424 1497 525 1628 ἀρτοο
541 1508 658 1593 τρύφος
683 1507 767 1594 αὐτῷ
794 1509 849 1571 καί
871 1501 957 1593 ύδαιρ
979 1505 1035 1571 καί
1052 1510 1207 1593 βακτηρίαι
1228 1510 1393 1596 ’ξομπαρά-

304 1630 441 1669 κεινται·
470 1629 522 1671 και
539 1609 636 1690 μέχρι
662 1609 722 1687 μὲν
745 1602 811 1682 οἷύς
830 1630 864 1669 τε
885 1604 933 1691 εἴη
955 1610 1010 1691 τῆς
1028 1608 1148 1691 ἐδωδῆς
1168 1606 1391 1690 ἀπογεύεσθαι,

304 1712 362 1773 καί
378 1734 409 1773 τι
424 1708 588 1790 δυνάμεως
607 1708 689 1797 αὐτῷ
702 1708 908 1791 ὑπολείποιτο,
929 1706 946 1771 δ
963 1710 999 1771 δὲ
1015 1705 1171 1789 ἀμύνεται
1184 1700 1282 1793 ταύτῃ
1296 1701 1335 1789 δη
1352 1708 1392 1795 τῇ

303 1814 454 1896 βακτηρία
481 1807 519 1873 τύ
555 1804 680 1873 ἐπιόντα
706 1812 767 1873 τῶν
795 1805 899 1890 ζώων,
930 1806 1161 1890 καδάποσοβεῖ
1184 1804 1258 1882 τούς
1284 1807 1435 1871 δοντα-15

303 1910 409 1991 μόνας.
438 1912 468 1973 εἰ
484 1910 519 1974 δὲ
536 1900 623 1973 ούπω
649 1910 710 1989 μὲν
728 1905 863 1989 πάμπαν
887 1906 1101 1993 διαφθαρείη,
1133 1905 1226 1995 νικῴη
1249 1908 1284 1969 δὲ
1306 1899 1392 1986 ὅμως

303 2005 341 2075 τοὶ
364 2010 419 2092 τῆς
432 2007 524 2074 νόσον
543 2003 586 2083 ὥς
604 2008 716 2091 μηκέτι
733 2012 892 2071 κινεῖσθαι
909 2003 954 2069 τύ
971 2013 1077 2091 χεῖρε,
1103 2002 1172 2069 τύτε
1188 2002 1227 2088 δη
1248 2002 1303 2069 τὸν
1326 2003 1392 2069 δεί-

302 2104 564 2195 λαιονῆμιθνῆτα
585 2109 639 2170 καί
655 2098 729 2192 ἀρτι
743 2100 961 2191 ψοχορῥαγεῖν
983 2102 1161 2188 ἀρχόμενον
1177 2106 1389 2185 κατεσθιονσι,

219 2230 229 2235 “
303 2205 358 2273 καί
374 2208 645 2293 προαφαιροῦνται
665 2202 721 2289 τὴν
738 2204 852 2269 ἐλπίδα
872 2206 931 2267 τού
949 2200 1026 2279 ἴσοις
1045 2197 1085 2267 ἀν
1101 2202 1157 2269 καδ
1176 2204 1390 2289 περιέσεσθαι.

273 2308 413 2374 Βασλλοί
427 2302 484 2391 γὰρ
500 2296 560 2397 ἤδη
575 2298 830 2390 ἀναρρωσθέντες
845 2298 1058 2386 ἀπενόστησαν
1074 2303 1108 2377 ἐς
1124 2298 1165 2365 τύ
1183 2304 1301 2381 οἰκεῖα,
1332 2323 1432 2367 seu-ao

301 2406 403 2492 θάπερ
419 2407 452 2470 ἐν
468 2406 564 2496 σκηνῇ
580 2401 635 2465 καί
648 2404 806 2498 τραγηιδίρ
820 2403 856 2465 ἐκ
872 2404 935 2465 τῶν
954 2396 1063 2465 σκύτοο
1079 2402 1186 2465 πολῶν
1203 2400 1384 2488 ἀφιγμένοι,

301 2494 410 2588 ἰσχνοί
418 2527 499 2578 τινες
523 2499 579 2565 καί
596 2495 807 2585 ’ἑτερόχρωττς
832 2501 888 2564 καί
905 2494 966 2566 οἶοι
983 2499 1181 2567 δεδιττεσθαι,
1192 2497 1265 2576 τούς
1280 2499 1390 2581 ἐντομ-

370 2607 396 2659 6.
415 2603 446 2662 ἀς
462 2602 494 2656 δὲ
512 2603 558 2665 a,
577 2601 592 2654 δ
608 2597 639 2653 δὲ
655 2603 727 2670 vulg.
830 2603 855 2658 8.
875 2599 918 2654 bd
932 2602 987 2660 τοῦ
1005 2598 1121 2670 ἀγαθοῦ
1142 2602 1210 2659 Bon.
1228 2594 1304 2654 virle
1323 2599 1400 2652 δαί-ε

369 2691 459 2746 μονος
478 2672 636 2725 addendum
654 2673 790 2724 censebat
909 2688 948 2726 rr.
967 2672 1119 2741 ἐξαγονται
1135 2675 1206 2726 coni.
1225 2673 1290 2723 Bon.
1308 2672 1386 2725 Vulc

373 2762 413 2798 ta.
433 2741 679 2815 ξυμπαράκεινται
708 2744 754 2806 rt,
778 2741 1008 2814 ξυμπαράκειται
1031 2744 1102 2813 vulg.
1193 2743 1232 2809 14.
1250 2742 1336 2812 ταύτῃ
1354 2740 1388 2794 δὲ

370 2815 461 2936 (scqib.
475 2804 561 2886 δὴ)τῇ
580 2816 655 2882 βακτ.
672 2815 700 2864 R.
712 2849 720 2878 ,
732 2807 764 2878 δύ
781 2830 803 2864 τ.
812 2818 888 2882 ῥακτ.
904 2812 992 2886 ταύτῃ
1008 2815 1080 2882 vulg.
1140 2813 1179 2866 τὰ
1192 2812 1316 2885 πάμπαν
1323 2809 1385 2865 add.

369 2901 402 2936 cx
433 2922 440 2934 .

300 2979 330 3026 et
345 2971 473 3026 barathro
493 2969 611 3042 dignum,
635 2971 760 3042 maloque
777 2971 904 3024 daemoni
923 2971 1050 3025 dicatum.
1085 2967 1158 3022 Tum
1173 2983 1255 3041 porro
1274 2979 1303 3024 et
1322 2974 1388 3043 qui-

300 3042 363 3095 dem
379 3044 462 3111 magis
478 3043 624 3094 necessarii
646 3049 727 3112 atque
746 3043 827 3094 amici
844 3043 979 3096 iacentem
1004 3044 1099 3112 lugent
1124 3043 1305 3113 lamentisque
1322 3060 1389 3113 pro-

298 3123 468 3185 sequuntur,
495 3123 533 3170 ut¹
553 3113 662 3181 penitus
687 3121 855 3175 emortuum,
878 3131 974 3184 neque
998 3112 1119 3164 melioris
1145 3113 1195 3164 sati
1216 3115 1387 3181 participem.

300 3181 357 3253 Qui
374 3199 437 3236 vero
460 3201 542 3254 quam
561 3184 691 3237 citissime
716 3182 860 3234 devoratus
879 3183 983 3248 suerit,
1010 3183 1199 3234 felicissimum
1217 3183 1386 3250 praedicant,

299 3255 413 3336 eiusque
439 3256 556 3307 animam
580 3271 682 3304 summa
708 3254 889 3305 admiratione
911 3261 1128 3324 prosequuntur,
1154 3261 1186 3304 ut
1203 3253 1284 3322 louge
1301 3271 1385 3322 prae-

299 3325 491 3386 stantissimam
516 3332 544 3376 et
567 3325 625 3376 Deo
648 3325 765 3376 similem
791 3333 820 3376 et
842 3326 871 3376 in
888 3323 982 3376 beatas
1005 3324 1082 3375 sedes
1111 3322 1283 3376 evolaturum.
1319 3325 1386 3376 Pro-

297 3393 400 3447 miscua
420 3410 483 3446 vero
502 3403 531 3446 et
548 3393 688 3446 obscurior
705 3392 800 3456 turba,
819 3394 907 3446 sicubi
925 3395 957 3445 in
977 3395 1101 3447 exercitu
1121 3393 1278 3461 gravissimo
1290 3394 1384 3464 aliquo

297 3461 393 3515 morbo
411 3472 564 3532 prematur,
589 3465 722 3532 spirantes
753 3463 843 3515 adhuc
871 3473 899 3516 et
924 3472 1018 3516 mente
1042 3471 1198 3515 constantes
1216 3461 1385 3518 educunturr

297 3541 476 3604 posteaquam
499 3551 562 3587 vero
592 3535 730 3602 expositus
755 3533 785 3584 in
811 3533 885 3585 bunc
908 3535 1021 3586 modum
1049 3535 1148 3605 aliquis
1180 3533 1280 3597 fuerit,
1304 3535 1384 3603 panis

299 3603 416 3656 frustum
436 3605 461 3656 ei
485 3612 513 3654 et
534 3620 603 3674 aqua
626 3603 794 3672 baculusque
820 3605 897 3656 iuxta
916 3612 1110 3673 apponuntur,
1137 3610 1170 3654 ut
1190 3602 1322 3674 quamdiu
1341 3605 1384 3656 ci-

299 3669 366 3724 bum
384 3671 536 3742 degustare?
549 3673 635 3742 possit
664 3682 692 3725 et
708 3673 807 3724 virium
823 3673 930 3743 aliquid
948 3674 975 3726 ei
993 3675 1119 3743 supersit,
1137 3673 1236 3724 baculo
1254 3674 1305 3726 illo
1322 3675 1384 3726 ani-

300 3743 402 3793 mantia
429 3744 560 3796 irrueutia
582 3751 687 3805 arceat,
717 3743 904 3814 epulonesque
923 3746 1073 3812 propulset.
1114 3742 1145 3794 si
1169 3760 1233 3794 vero
1259 3745 1395 3812 noudum,

299 3811 411 3880 quidem
430 3814 578 3875 interierit,
604 3814 695 3864 vincat
713 3820 804 3864 tamen
822 3815 863 3864 vis
886 3815 977 3865 morbi
993 3813 1072 3878 adeo,
1088 3821 1121 3864 ut
1137 3813 1192 3864 iam
1208 3830 1305 3866 manus
1324 3832 1383 3866 am-

298 3879 371 3948 plius
389 3898 495 3936 movere
518 3892 655 3954 nequest,
682 3891 741 3935 tum
765 3883 861 3953 utique
888 3885 1017 3936 miserum
1045 3884 1252 3936 semimortuum
1278 3893 1308 3935 et
1327 3885 1385 3936 iam

299 3949 417 4002 animam
435 3969 512 4021 agere
537 3955 715 4024 incipientem
732 3949 886 4018 devorant,
903 3964 933 4007 et
950 3970 1025 4023 apem
1042 3954 1147 4008 diutius
1166 3954 1251 4004 etiam
1267 3953 1385 4006 soriam

297 4019 407 4074 vivendi
430 4023 609 4091 praeripiunt.
645 4021 725 4076 Multi
760 4024 916 4076 enimcum
937 4027 994 4078 iam
1019 4024 1236 4088 convaluissent,
1269 4023 1385 4076 domum

298 4088 440 4144 redierunt
458 4091 543 4144 veluti
560 4095 590 4146 in
609 4110 688 4146 scena
717 4099 747 4144 eis
769 4094 910 4163 tragoedia
940 4113 975 4148 ex
997 4095 1176 4148 tenebricosis
1211 4093 1276 4146 Orci
1294 4094 1383 4164 portis

298 4161 569 4228 sustentarentur
582 4165 695 4236 quddam
720 4171 749 4218 et
774 4161 916 4221 decolores
948 4165 1098 4238 obviosqsc
1114 4163 1316 4223 terriculautes.
1351 4162 1382 4220 si
