3109 4950
459 307 741 382 ursroastauu
763 305 821 381 iv.
842 319 891 388 so.
1149 282 1231 372 '265

149 469 213 557 εἴγε
235 462 298 557 ἄρα
318 468 357 554 ds)
388 467 445 532 καί
466 460 627 553 έλύχιστο.
656 465 727 537 ἄλλ’
743 458 841 536 έύείνο
868 463 924 536 καί
947 466 1034 551 μύλα
1058 469 1257 549 θαύματοςλ.
1275 483 1303 536 c.
1319 481 1371 552 tio

150 565 236 649 ἕξων
258 565 338 636 εἶναι
357 567 512 654 ἡγοῦμαι,
540 564 588 634 ότι
604 568 726 650 testeos
740 568 781 636 τύ
797 567 872 655 περί
884 567 1023 651 τούτων,
1042 562 1102 650 οὐχ
1120 557 1247 643 tutori
1260 557 1283 606 ¹⁴
1297 557 1330 612 δ’

150 667 228 735 ούτω
240 668 280 734 τοὶ
301 669 484 752 ἐγνωσμένα
502 667 657 750 διέξεισιν,
678 669 747 733 ἀλλ’
766 667 893 732 ἐπαινεῖ
911 665 966 732 τόν
987 665 1158 752 ‘Apaturos
1178 662 1232 728 καί

149 764 366 850 ἇποσεμνύυει,
380 764 424 841 ὥς
437 764 552 853 ύρίστη
562 767 759 850 χρησόμενον
774 759 934 855 εύβουλίῳ.
954 763 1035 853 φησί
1047 763 1107 850 γύρ
1131 757 1322 830 odam-187

128 863 186 936 frod
203 867 276 933 λίαν
292 859 441 949 ύγχίνουν
458 859 596 930 εἶναιτὰ
614 856 695 927 ἄλλα
714 861 893 949 πεφυκότα,
923 867 958 930 ἐν
974 861 1072 952 τούτῳ
1088 861 1128 948 dr}
1141 858 1227 948 μόνῳ

148 964 288 1052 φρενήρη
305 987 340 1028 τε
355 963 410 1028 καί
428 964 686 1048 προμηθέστατον
702 963 942 1046 ἀποδεδεῖχθαι.
968 965 1040 1045 ἐμοί
1056 964 1092 1026 δὲ
1108 956 1223 1026 doreti

146 1067 240 1128 τοῦτο
260 1059 415 1146 ἀγόμενος
435 1056 472 1127 ού
493 1061 532 1149 τῇ
546 1058 654 1149 προότη
671 1058 755 1148 ὁρμῇ
771 1063 829 1126 τοῦ
854 1062 1068 1145 βουλεύματος
1085 1059 1120 1125 τό
1136 1053 1225 1126 σόλο-

146 1187 202 1246 γον
217 1162 350 1249 κρίνειν,
371 1157 451 1225 ύλλοὶ
469 1162 512 1248 τῷ
528 1155 657 1246 ύστερον
670 1159 889 1246 ύποβεβηκύτι.
916 1163 985 1228 ἕπετ’
998 1163 1064 1236 παῖς
1085 1155 1125 1225 όν
1143 1153 1228 1244 εἶχεν

147 1266 252 1337 καλῶς
264 1261 359 1345 ἀνδρί
372 1255 482 1348 distros
498 1261 553 1323 καί
564 1255 726 1349 βορβόρῳ,
735 1263 792 1326 καί
804 1263 914 1344 γένους
925 1252 1056 1346 ἄρχοντι
1073 1264 1226 1339 πολεμιω-

111 1360 254 1441 ιοτύτοο,
273 1361 328 1423 καί
337 1353 420 1434 όπως
433 1359 519 1447 αύτῷ
531 1362 630 1442 μετῆν
639 1356 773 1434 πιστούς
783 1384 819 1424 τε
830 1361 886 1425 καί
900 1355 1095 1443 δικαιοσύνης
1111 1354 1225 1444 η’γνοη-

146 1461 253 1548 μέτῳ,
274 1457 330 1521 καί
342 1458 421 1544 πρός
440 1456 533 1542 γετό
554 1461 587 1536 ἐς
606 1455 685 1523 θεὸν
698 1462 920 1548 πεπλανημένῳ
940 1457 995 1524 καί
1007 1453 1228 1541 όλλογνοόμονι,

111 1579 117 1595 “
145 1555 184 1623 τό
205 1555 341 1644 φίλτατα
361 1558 578 1642 παραδοῦναις
599 1561 629 1623 εἰ
656 1559 693 1621 dd
714 1559 814 1642 μηδὲν
836 1557 942 1648 ότιοῦν
972 1561 1024 1624 ἐπὶ
1051 1560 1095 1644 τῷ
1115 1559 1228 1643 βρέφει

126 1656 343 1744 ἡμάρτηται,
372 1651 452 1722 otti
472 1659 644 1741 μεμύνηκα
668 1653 690 1741 ἦ
718 1655 835 1723 τούτου
862 1657 1007 1740 βασιλεία
1037 1654 1229 1740 βεβαιότατα

143 1753 231 1842 πρός
250 1759 309 1820 τού
324 1755 495 1841 κηδεμόνος
512 1755 754 1842 φυλαττομένη,
776 1760 844 1836 ,καί
864 1760 963 1824 ταῦτα
984 1754 1032 1822 ἔτι
1049 1753 1112 1826 ύπό
1135 1753 1228 1846 μαζῷ

107 1857 378 1944 ιὸτιθηνουμένου
388 1907 398 1936 ,
429 1859 546 1920 ἐκεῖνον
564 1849 605 1921 όν
621 1858 742 1936 μᾶλλον
754 1858 931 1923 ἐπαινετέον
949 1861 1006 1942 τῆς
1026 1855 1260 1940 εὖγνωμοσύ-Β

124 1979 218 2045 Ιτης,
243 1948 266 2038 ἧ
288 1951 458 2039 Ἀρτύβιον
474 1957 533 2021 τού
550 1951 782 2040 ἐγχειρήματος.
813 1955 930 2021 τούτων
955 1959 1015 2040 μέν
1041 1949 1098 2022 ούν
1119 1961 1229 2037 ἕνεκεν,

145 2046 236 2136 dous,
263 2054 394 2129 ἕκαστος
413 2050 539 2138 γνώμης
556 2077 590 2119 τε
623 2056 678 2118 καί
704 2048 866 2140 ἀκριβείας
891 2053 976 2138 ἔχοι,
1005 2046 1067 2123 ὦδε
1088 2057 1231 2140 κρινέτω.

145 2150 220 2218 ddi
245 2152 441 2237 Ἰσδιγέρύης
468 2149 567 2216 εἴκοσι
581 2151 671 2242 πρός
698 2157 742 2242 τῷ
767 2149 817 2219 ἔνι’
839 2153 1031 2236 βασιλεύσας
1055 2149 1230 2232 ἐνιαυτούς,

145 2245 263 2316 ούδένα
277 2244 401 2314 πιόποτε
421 2250 498 2314 κατὰ
518 2250 691 2333 Ῥωμαίων
703 2246 804 2338 ἤρατο
824 2251 976 2336 πόλεμον,
1008 2251 1081 2317 ου’ύὲ
1103 2244 1178 2316 ἄλλο
1198 2275 1231 2314 τι

103 2353 214 2414 αοκατ)
236 2343 344 2413 αύτοόν
367 2344 468 2435 ἄχαρι
486 2346 627 2434 ἔδρασεν
662 2349 743 2414 ἄλλό
761 2355 932 2436 μεμένηκεν
955 2351 1043 2416 ε’σαεί
1065 2342 1176 2426 εόνους
1196 2375 1231 2414 τε

142 2443 189 2514 τόν
211 2448 269 2514 καί
289 2450 463 2535 εἰρηναῖος,
492 2447 556 2514 εἴτε
582 2445 666 2515 odra>
693 2448 843 2536 συμβὰν,
869 2449 932 2517 εἴτε
958 2452 1013 2517 καί
1034 2449 1089 2525 τός’
1102 2449 1230 2535 ύληθῶς
1295 2488 1302 2503 »

136 2643 140 2649 .
212 2622 236 2659 2.
251 2601 365 2654 ,τούτων
382 2604 411 2653 R.
431 2609 459 2654 et
475 2600 570 2672 Lugd,
588 2604 692 2658 τοῦτον
706 2589 775 2656 edd.
850 2624 888 2662 ιι.
916 2603 989 2675 πρός
1009 2618 1042 2673 γε
1060 2598 1093 2654 τὰ
1112 2602 1140 2659 ἐς
1159 2596 1231 2659 θεόν

212 2672 418 2794 πεπλίαηηηηένῳ
444 2677 493 2725 καὶ
519 2691 571 2727 om.
590 2677 636 2740 It,
659 2678 742 2747 Intpr.
759 2692 816 2729 non
831 2675 939 2746 legebat
951 2669 1080 2730 verbani
1099 2673 1131 2731 ἶς’
1149 2661 1230 2729 θεόν.

215 2763 260 2808 ao,
297 2756 310 2793 ε
367 2784 374 2799 .
419 2788 422 2793 .
478 2783 481 2788 .

143 2910 233 2955 meam
248 2910 313 2947 vero
328 2904 508 2970 nequaquam,
525 2897 573 2966 qui
591 2912 648 2947 uou
660 2895 714 2950 nisi
737 2895 981 2965 exiguam‚utinam
995 2900 1075 2952 modo
1092 2887 1229 2967 exiguam,

143 2964 244 3019 harum
270 2981 358 3020 rerum
378 2966 518 3017 scientiam
544 2964 669 3020 habeam.
710 2964 765 3016 Sed
787 2964 871 3028 illud,
891 2973 919 3018 et
943 2966 1054 3036 quidem
1081 2967 1227 3019 vehemen-

142 3044 205 3097 ter,
231 3030 412 3087 admiratione
439 3036 551 3106 dignum
574 3051 687 3097 censeo,
724 3033 798 3107 quod
822 3052 881 3087 eum
901 3038 1082 3089 narrationem
1111 3034 1146 3089 de
1172 3036 1228 3089 Aa·

144 3106 224 3159 oadio
247 3106 391 3169 instituit,
423 3124 480 3158 non
511 3106 673 3173 simpliciter
697 3104 826 3175 itaquae
854 3105 888 3157 ah
920 3122 952 3157 eo
984 3114 1087 3157 statuta
1112 3107 1224 3158 suerunt

141 3185 251 3239 narrat,
269 3174 318 3227 sed
336 3176 429 3228 laudat
444 3175 755 3245 ipsummagnifioisque
773 3176 862 3228 verbis
882 3179 974 3235 effert,
1000 3183 1130 3246 tanquam
1144 3177 1224 3297 opti·

141 3263 188 3298 mo
212 3247 328 3299 consilio
353 3264 441 3301 usum.
476 3246 524 3299 tit
542 3247 626 3306 enim,
646 3245 735 3313 ipsum
758 3245 819 3298 aliis
843 3244 873 3297 in
898 3243 977 3295 rebus
997 3262 1053 3297 non
1078 3244 1157 3297 admo

142 3318 232 3372 solere
251 3334 309 3369 esse
328 3316 510 3381 industrium,
525 3314 578 3366 hae
591 3330 655 3366 vero
673 3313 732 3365 sola
748 3314 778 3366 in
796 3332 825 3373 re
843 3323 871 3365 et
888 3315 1038 3383 sapientem
1056 3321 1084 3366 et
1100 3314 1223 3383 pruden-

139 3388 280 3443 tissimum
298 3385 470 3444 declaratum.
506 3386 577 3438 Mihi
593 3402 656 3436 vero
673 3382 782 3436 videtur
801 3385 833 3449 is,
853 3385 901 3453 qui
916 3384 969 3437 hoc
985 3383 1148 3448 admiratur,
1166 3402 1223 3440 uon

140 3460 284 3525 exprimo
302 3458 410 3512 oonsilii
429 3458 548 3525 impetu,
574 3454 622 3506 sed
642 3472 676 3509 ex
694 3461 793 3505 eventu
830 3452 866 3505 de
890 3454 946 3507 eius
964 3454 1132 3510 ¹rectitudine
1149 3454 1223 3509 iudi*
1257 3460 1260 3467 '

138 3544 213 3585 care.
249 3526 313 3593 Quo
330 3536 410 3594 pacto
430 3528 502 3577 enim
523 3525 672 3595 prudenter
687 3532 816 3594 recteque
840 3525 942 3577 factum
965 3524 1021 3577 dici
1041 3526 1151 3595 possit,
1173 3524 1225 3575 ho-

136 3594 214 3647 mini
232 3603 325 3645 extero
351 3604 379 3646 et
396 3596 534 3658 barbaro,
560 3605 589 3647 et
608 3596 665 3665 regi
691 3594 780 3664 gentis
809 3595 1020 3658 infestissimae,
1049 3612 1140 3665 neque
1159 3595 1223 3645 satis

137 3671 221 3725 noto,
238 3680 273 3713 au
291 3660 411 3717 fidemae
426 3665 559 3718 iustitiam
577 3666 692 3727 soleret,
749 3666 814 3733 ique
834 3674 973 3733 praeterea
998 3679 1127 3717 erroneae
1144 3672 1223 3717 esset

137 3733 177 3787 de
204 3733 256 3785 deo
271 3729 447 3804 diversaeque
465 3738 615 3803 opinionis,
633 3682 847 3805 quaeffahehat
871 3738 1006 3791 carissima
1024 3730 1155 3787 tradere?
1191 3734 1220 3785 Si
1260 3766 1261 3769 =

136 3821 207 3857 vero
225 3800 423 3864 nihilomnino
440 3807 471 3857 in
485 3806 618 3859 infantem
627 3805 682 3858 sihi
699 3804 833 3857 creditum
856 3804 981 3874 deliquit,
1001 3805 1049 3855 sed
1067 3804 1148 3855 huius
1166 3805 1220 3856 im·

132 3875 250 3945 periurn
269 3879 372 3924 sartum
399 3880 500 3926 tectum
523 3893 540 3926 a
562 3884 683 3927 curatore
709 3876 863 3927 firmissime
894 3883 935 3927 est
960 3881 1160 3936 conservatum,
1193 3880 1222 3929 et

159 3942 265 4005 uidem,
283 3959 343 3993 cum
359 3939 448 3994 adhue
466 3944 514 3995 ille
528 3945 642 3997 lacteret
658 3966 665 3996 r
683 3944 757 3995 illius
779 3947 871 4014 potius
894 3943 1014 4013 probitas
1042 3952 1083 3999 est
1104 3943 1220 3997 laudan·

138 3963 185 4076 da,
205 4030 287 4084 quam
308 4010 419 4064 Arcadii
439 4012 547 4068 sactum.
592 4015 673 4068 Hisce
695 4013 778 4080 igitur
807 4014 841 4065 de
869 4015 972 4076 causis,
991 4021 1077 4083 prout
1103 4016 1220 4085 quisquo

139 4091 235 4141 mente
258 4099 289 4135 ao
305 4081 410 4141 indicio
427 4082 530 4151 pollet,
546 4085 585 4133 ita
606 4082 716 4147 iudicet
752 4082 904 4152 isdigerdes
924 4098 987 4135 vero
1006 4102 1066 4139 oum
1084 4102 1168 4137 unum
1192 4090 1220 4137 et

138 4151 246 4218 viginti
260 4170 344 4207 annos
367 4160 521 4221 regnasset,
539 4152 643 4204 nullum
662 4168 780 4221 unquam
807 4152 931 4205 adversus
956 4155 1088 4207 Romanos
1116 4154 1220 4207 bellum

138 4222 278 4309 aaronis,
298 4240 389 4304 εοῳιο
408 4223 464 4289 rua
482 4239 528 4288 tos
545 4223 637 4287 sterit
652 4222 795 4289 molest,
821 4224 869 4283 sed
889 4223 992 4283 mausit-
1014 4232 1147 4299 perpetuo
1166 4221 1218 4281 λετ

1179 3262 1224 3301 11111
