3109 4950
310 310 385 391 ¹9²
750 303 959 371 AGATfflAE

155 476 188 535 Α.
201 472 229 526 C.
240 463 355 529 assuat
368 456 435 543 ἅμα
453 463 487 537 ἐς
500 459 540 525 τὰ
556 458 660 544 πλήθη
679 459 897 545 ἐπιστραφείς·
925 451 967 544 ,ἦ
993 457 1070 542 οόχδ
1094 457 1150 524 sot
1168 456 1246 541 δμῖν
1260 458 1385 527 ταῦτα’

189 546 246 603 ¹·1·
259 559 362 649 ²9i'tpq
396 563 524 644 ,,δοκεῖ,
552 550 713 644 ιόόίνδρες
744 561 1025 644 &vaesanorum
1052 556 1083 622 οἱ
1102 561 1138 624 δὲ
1156 560 1383 647 ἐπευφήμησαν

301 660 357 743 ξόν
371 663 449 749 βοῇ,
475 656 529 723 καί
544 660 651 723 δίκαια
675 652 757 723 εἶναι
774 658 945 744 ἀνέκραγον
966 655 1007 723 τό
1026 661 1069 746 regi
1087 666 1250 747 στρατηγῷ
1270 664 1307 743 βε
1329 686 1384 725 ου·
1440 693 1444 697 ·

301 760 447 841 λευμίνα.
468 755 523 821 καὶ
541 754 570 821 οἱ
587 761 647 838 μὲν
663 754 916 844 θαρραλεώτεροι
936 758 1133 841 ἐγεγένηντο,
1164 761 1217 823 καῖ
1231 753 1297 825 οἷον
1317 755 1385 824 ἑτέ-

274 870 365 946 Βρων
390 852 427 921 ov’
455 858 583 923 δεῖσθαι
605 855 917 942 προσβοηθησάντων.
952 854 1089 936 μάλιστα
1114 853 1175 942 γὰρ
1203 855 1404 933 αότοόςεῖςό

300 957 369 1044 ἔριν
385 955 479 1021 ἐκίνει
500 954 555 1021 καί
575 956 758 1042 φιλοτιμίαν
778 954 881 1038 ἧττόν
901 951 1053 1041 λαφόρων
1065 955 1169 1037 ἐλπίς,
1189 959 1245 1020 καί
1257 951 1304 1021 ότι
1322 950 1384 1019 αό-

255 1042 258 1051 ’
299 1061 352 1123 τοί
365 1051 421 1121 osis
441 1058 475 1132 ἐς
487 1053 614 1142 μακρὰν
634 1051 756 1121 ἅπαντα
775 1045 870 1145 ᾤοντο
891 1059 1083 1136 κομιεῖσθαι,
1105 1050 1215 1140 ,ιόσπερ
1233 1046 1294 1139 ἢδη
1311 1052 1386 1129 τοός

302 1160 466 1239 δυσμενεῖς
489 1154 659 1229 ἀνελόντες·
686 1155 743 1219 καί
761 1156 854 1219 τοῦτο
873 1149 975 1235 ’μόνον
995 1156 1260 1239 πεφροντισμένον
1276 1154 1387 1231 αὐτοῖς

303 1249 387 1331 ὅπως
404 1252 459 1339 τήν
476 1251 565 1319 λείοιν
581 1254 810 1335 διανεμοῦνται.

384 1353 442 1419 κδ’.
479 1347 598 1437 Ἀπίβη
616 1352 652 1417 δὲ
666 1347 752 1434 όμως
773 1352 830 1415 καί
845 1348 983 1451 θάτερον
999 1353 1063 1416 τιόν
1079 1356 1247 1434 Μαρτινου
1261 1355 1430 1438 διανοη-το

299 1452 419 1537 μάτων.
450 1452 467 1518 ό
487 1453 548 1539 γὰρ
569 1454 657 1537 λόγος
679 1444 770 1527 οὗτος
790 1449 844 1515 διὰ
859 1453 917 1515 τοῦ
931 1450 1074 1536 πλήθους
1094 1451 1315 1535 ἐξολισθήσας,
1334 1454 1388 1517 καί

301 1554 470 1635 πανταχοῦ
484 1552 711 1639 περιηγμένος,
743 1551 800 1614 καῖ
817 1552 892 1635 παρ’
915 1544 1033 1625 αότοός
1055 1544 1186 1635 ἀφῖκται
1201 1548 1277 1625 τοός
1298 1553 1389 1636 Πέρ-

300 1675 377 1733 σας,
407 1650 452 1727 οός
473 1642 540 1736 εἶρα
565 1646 695 1736 στρατιαὶ
713 1644 807 1737 ἑτέρα
833 1645 1002 1734 Ῥωμαϊκή
1020 1646 1101 1735 πρός
1120 1651 1164 1738 τῷ
1181 1644 1309 1737 Νεόκνιρ
1332 1672 1390 1712 πο-

299 1752 391 1837 ταμῷ
407 1750 609 1835 παραγέγονε,
626 1747 683 1813 καί
698 1742 771 1814 όσον
793 1738 885 1813 oino-
896 1757 961 1823 τοῖς
979 1751 1142 1834 προτέροις
1157 1742 1387 1831 οἷναμεμιξεται.

304 1845 430 1937 ιῖφιισίρ
446 1844 485 1934 δή
510 1842 568 1913 οὖν
587 1843 724 1923 ἅπαντες
743 1844 883 1931 εἴχοντο,
909 1845 1044 1921 δεδιότες
1061 1847 1092 1911 εἰ
1107 1849 1258 1929 μέλλοιεν,
1279 1844 1432 1913 conosi-15

301 1970 367 2023 τοις
386 1940 448 2031 ήδη
467 1944 575 2024 πόνοις
589 1949 840 2033 τετρυχωμέναι,
868 1943 949 2033 πρός
972 1948 1061 2020 νέους
1085 1938 1199 2021 ἄλλους
1217 1948 1271 2011 καί
1291 1946 1390 2031 ἀκμῆ-

278 2068 366 2121 (ζτας
390 2043 652 2133 παρατάττεσθαι
686 2048 864 2129 πολεμίους.
897 2044 915 2111 ό
938 2046 977 2109 δὲ
1009 2044 1203 2129 Ναχοραγόιν
1232 2039 1326 2110 οὐδέν
1359 2069 1391 2108 τι

303 2143 477 2230 μελλήσας,
508 2150 563 2210 καί
584 2144 655 2231 ὶλην
681 2133 752 2211 τινὰ
771 2148 902 2232 μετρίαν
930 2146 966 2209 ἐκ
994 2148 1058 2209 τῶν
1081 2146 1251 2231 Περσικῶν
1273 2142 1392 2211 ἔστειλε

303 2244 470 2329 ταγμάτων
484 2242 546 2310 ανδ
561 2244 620 2331 τήν
639 2244 783 2333 ἀτραπόν
798 2248 926 2331 ἐκείνην,
945 2250 1021 2309 καθ’
1031 2244 1070 2329 ἢν
1089 2236 1166 2333 ᾤετο
1183 2242 1393 2329 διαβήσεσθαι

304 2342 380 2419 τοός
401 2348 475 2430 περί
495 2336 541 2410 ds
559 2345 710 2428 ε’τόγχανε
734 2348 773 2432 τῇ
796 2342 886 2433 φήμη
909 2348 1150 2431 ἐξηπατημένος.
1185 2334 1270 2407 οἶδὲ
1288 2367 1437 2428 παρα-κο

305 2440 486 2528 γενόμενοι,
519 2446 643 2531 σπουδῇ
669 2468 704 2509 τε
736 2447 792 2509 καί
810 2444 965 2535 ἀγρυπνία
990 2440 1048 2510 οόκ
1069 2447 1103 2510 ἐν
1125 2448 1227 2510 δίοντι
1245 2445 1395 2528 ε’χριόντο.

306 2544 532 2626 καταλαβόντες
563 2541 621 2630 γὰρ
651 2543 692 2608 τό
717 2543 866 2634 ἐπίκαιρα
897 2547 960 2610 τῶν
982 2546 1130 2631 χωρίων,
1165 2541 1393 2629 όπειιρόπτοιπο

375 2687 400 2736 6.
420 2679 566 2746 stratu,
595 2683 679 2752 Intpr.
705 2681 784 2754 quod
802 2683 945 2739 crederent
965 2705 1041 2740 se-
1059 2698 1270 2758 asportaturos,
1296 2681 1395 2741 adroic

376 2753 448 2822 vulg.
519 2770 562 2806 ua.
579 2752 763 2824 δπέκρυπτον
779 2755 810 2807 R.

308 2888 417 2957 inquit,
444 2887 526 2942 ctiam
556 2888 653 2954 vobis,
676 2890 729 2942 viri
757 2891 973 2954 commilitones,
1005 2889 1058 2944 ista
1081 2890 1234 2944 videntur?
1274 2889 1313 2942 At
1333 2891 1397 2953 itti,

295 2961 398 3013 ,fausta
420 2957 613 3028 acclamatione
646 2961 778 3029 praefecti
807 2965 970 3014 sententiam
987 2971 1019 3014 ut
1042 2964 1235 3032 aequissimum
1258 2961 1398 3030 approba-

308 3037 389 3091 runt,
414 3030 524 3098 ipsique
542 3031 630 3082 multo
656 3030 814 3084 fidentiores
836 3041 900 3084 sunt
923 3033 1047 3096 redditi,
1075 3033 1191 3102 perinde
1217 3049 1249 3084 ac
1273 3033 1297 3083 si
1319 3032 1399 3083 nullo

296 3101 362 3160 ulio
381 3097 504 3152 subsidio
524 3099 686 3170 indigerent.
722 3103 869 3172 Praecipue
892 3119 955 3155 vero
981 3105 1054 3172 ipsos
1073 3102 1108 3153 ad
1126 3105 1331 3154 contentionem
1347 3117 1394 3152 ae·

308 3165 542 3240 mulationemque
556 3169 683 3224 movebat
699 3189 760 3240 spes
779 3175 947 3242 spoliorum,·
966 3173 1095 3244 quodque
1107 3173 1184 3225 brevi
1202 3175 1293 3225 omnia
1311 3189 1340 3224 se
1352 3171 1399 3223 di-

308 3245 434 3310 repturos
452 3239 615 3310 sperabant,
642 3249 739 3310 utpote
762 3242 889 3295 hostibus
906 3245 1027 3310 deletis3
1054 3251 1083 3295 et
1104 3243 1157 3296 hoc
1179 3260 1264 3295 unum
1282 3244 1323 3294 eis
1341 3248 1402 3294 erat

309 3327 397 3374 curae,
418 3327 472 3379 quo
490 3319 571 3379 pacto
590 3313 663 3364 inter
680 3329 709 3364 se
726 3312 854 3382 praedam
871 3317 1045 3383 partirentur.

381 3379 421 3448 τό.
459 3381 557 3433 Evenit
573 3398 636 3434 vero
658 3385 741 3434 etiam
755 3383 842 3447 aliud,
861 3384 935 3456 quod
959 3384 1093 3436 Martinus
1108 3383 1200 3433 animo
1218 3385 1403 3451 praeceperat

309 3453 412 3504 Rumor
432 3451 507 3502 enim
524 3449 572 3502 hic
590 3454 620 3503 in
640 3453 735 3522 tulgus
758 3472 865 3524 sparsus
892 3457 1003 3526 lateque
1033 3456 1242 3522 circumvagatus
1267 3451 1303 3504 ad
1328 3452 1408 3520 ipsos

309 3522 396 3574 etiam
413 3521 504 3574 Persas
520 3529 577 3572 erat
593 3521 712 3590 delatus3
747 3523 823 3596 quod
845 3525 942 3596 utique
969 3527 1038 3576 alter
1059 3528 1194 3576 Romanus
1219 3521 1355 3574 exercitus
1369 3519 1408 3570 ad

309 3591 453 3662 Neognum
470 3591 582 3642 fluvium
599 3595 785 3661 pervenisset,
807 3603 836 3646 et
859 3597 968 3647 iamiam
983 3612 1011 3647 se
1031 3612 1092 3646 cum
1108 3595 1170 3646 aliis
1191 3600 1264 3644 esset
1288 3593 1408 3642 coniun-

310 3669 411 3714 cturus.
439 3664 522 3714 Pavor
541 3663 634 3734 itaque
652 3665 792 3716 universos
807 3666 924 3728 invasit,
942 3675 1095 3717 metuentes
1111 3666 1153 3728 si,
1177 3681 1239 3715 cum
1256 3663 1342 3714 tantis
1361 3663 1407 3711 la-

310 3731 426 3786 boribus
440 3733 529 3786 attriti
545 3741 653 3795 essent,
673 3732 799 3785 adversus
813 3745 951 3788 recentem
964 3737 1138 3807 integrasque
1151 3736 1222 3786 vires
1235 3732 1410 3784 adferentem

312 3805 461 3855 exercitum
476 3802 543 3872 ipsis
563 3802 763 3872 confligendum
782 3815 861 3860 esset.
908 3805 1084 3875 Nachorugan
1101 3821 1165 3857 vero
1197 3802 1271 3854 nihil
1293 3810 1411 3853 cuncta-

311 3878 374 3934 tus,
390 3874 555 3926 mediocrem
571 3874 698 3946 equitum
718 3881 835 3926 turmam
856 3893 871 3927 c
889 3877 1001 3927 Persicis
1021 3877 1174 3946 agminibus
1197 3875 1274 3924 misit
1290 3871 1327 3924 ad
1343 3888 1411 3925 enm

310 3948 438 4004 tractum,
452 3961 502 4011 per
520 3961 601 4014 quem
616 3943 731 4015 putabat
745 3946 906 3998 transituros
926 3948 999 4009 iilos,
1019 3947 1054 3998 de
1075 3946 1175 4018 quibus
1188 3945 1259 3994 soma
1276 3942 1411 4012 deceptus

313 4017 387 4076 erat;
416 4015 463 4080 qui
490 4031 550 4064 cnm
567 4033 599 4067 eo
620 4016 766 4078 venissent,
786 4034 885 4086 magna
901 4015 1045 4084 diligentia
1055 4017 1250 4086 vigilantiaque
1259 4013 1417 4064 utebantur

313 4081 343 4146 in
359 4098 388 4132 rc
408 4097 614 4150 supervacanea.
651 4086 798 4154 Occupatis
814 4089 886 4140 enim
897 4087 1139 4156 opportunioribus
1151 4087 1235 4147 locis,
1254 4101 1289 4135 cx
1297 4082 1416 4134 insidiis

313 4151 509 4222 operiebantur
523 4169 586 4218 eos,
608 4157 657 4226 qui
673 4174 848 4228 nequaquam
859 4167 943 4209 *erant
958 4158 1080 4221 venturi,
1099 4174 1132 4208 eo
1154 4155 1284 4206 videlicet
1301 4156 1419 4216 animo,-

313 4231 344 4276 ut
358 4225 388 4278 in
404 4221 478 4294 ipsos
494 4239 586 4276 secure
610 4227 848 4300 tumultuarieqne
866 4227 1064 4298 procedentes,
1082 4227 1157 4299 quod
1177 4225 1307 4278 nimirum
1328 4227 1418 4278 iners-
