3109 4950
285 278 339 393 74
717 304 925 371 totusue

138 474 172 528 t.
184 472 213 525 G.
226 462 390 551 sitsijrus'
404 486 435 527 τι
453 462 655 549 διαφθαρείη.
676 458 831 543 θωράκων
847 462 907 540 μὲν
921 456 980 543 γάρ
1005 460 1061 523 κού
1073 457 1233 542 rupudiare
1252 456 1357 541 drroi·

173 546 195 601 ¹·
211 546 235 601 ¹·
247 564 331 639 27τες
347 559 554 645 τυγχάνουσιν
575 552 659 635 inec
668 608 680 639 ,
703 555 762 634 τοὶς
781 559 817 621 δὲ
835 556 976 643 κεφαλάς
991 552 1021 621 οἲ
1025 559 1096 639 μὲν
1113 560 1251 640 πλεῖστοι
1261 556 1357 621 doae-

280 667 350 737 πεῑς
372 657 508 743 ἔχουσιν,
526 655 669 740 ύλίγοιύὲ
687 654 742 719 καί
753 657 852 741 ιιρύνη
868 656 1075 738 ἀναδούμενοι
1088 653 1264 738 μάχονται·
1291 682 1350 741 γυ-

279 756 354 841 μνοί
368 759 403 822 δὲ
414 753 453 821 τά
466 757 581 841 στόρνα
595 751 658 819 εἰσί
670 752 726 819 καί
739 750 779 819 τά
789 756 871 819 νιῖπα
884 756 983 839 μέχρι
997 755 1054 837 τῆς
1070 750 1201 839 ύσφύος,
1219 755 1360 821 ἐνταῦθα

282 858 317 921 δὲ
336 855 540 941 ἀναξυρίδας,
570 849 601 917 oi
624 855 685 934 μὲν
709 855 816 935 λινᾶς,
835 850 866 919 οἱ
891 854 927 919 δὲ
953 854 1008 916 καί
1021 852 1170 927 σκυτίνας
1184 853 1378 931 διαζωννύᾶ

279 976 367 1036 μενοι
379 960 444 1027 τοῖς
457 954 579 1017 σκέλεσι
595 955 892 1037 περιαμπισχονται.
908 953 1013 1027 ἵπποις
1033 952 1067 1015 δὲ
1085 946 1196 1035 ἥκιστα
1205 952 1358 1034 χρῶνται,

278 1050 358 1136 πλὴν
380 1049 502 1137 σφόδρα
527 1048 652 1133 ύλίγιον,
683 1044 738 1114 sire
763 1049 801 1135 dr}
826 1044 932 1126 αύτοῖς
959 1046 996 1114 τὸ
1017 1051 1207 1132 πεζομαχεῖν
1223 1045 1357 1133 σύντρο-

236 1139 237 1143 “
279 1150 339 1239 φύν
354 1173 389 1215 τε
405 1142 442 1213 όν
457 1150 512 1213 καί
522 1145 653 1235 πάτριον
668 1150 723 1213 καί
743 1141 856 1235 άριστα
870 1150 1128 1233 μεμελετημένον.
1151 1149 1240 1232 ξίφος
1266 1149 1301 1211 di
1315 1150 1359 1235 τηῖ

276 1250 363 1335 μηρῷ
371 1299 381 1329 ,
400 1249 454 1312 καί
470 1245 563 1323 άσπίς
579 1248 616 1335 τῇ
631 1250 705 1335 λαιᾷ
721 1250 841 1335 πλευρᾷ
855 1246 1068 1336 παρηύρηται.
1088 1248 1144 1311 καί
1157 1247 1262 1312 τοίνυν
1279 1245 1354 1323 τόξα

247 1342 303 1432 Di}
319 1340 524 1434 σφενδόναςῆ
541 1338 620 1411 itta
631 1337 710 1411 άττα
722 1342 853 1431 ἑκηβόλα
872 1341 952 1411 ὅπλα
970 1346 1027 1411 osis
1045 1346 1258 1432 ἐπιφέρονται,
1274 1338 1399 1410 άλλάιο

276 1447 415 1523 πελέκεις
421 1444 479 1533 γάρ
491 1442 712 1532 ἀμφιστόμους
720 1448 774 1510 καί
778 1445 851 1521 τούς
859 1437 1009 1529 ύγγιονας,
1017 1438 1065 1520 οἷς
1072 1440 1111 1529 dr}
1120 1446 1174 1509 καί
1181 1442 1220 1511 τά
1227 1449 1357 1507 πλείστα

277 1542 524 1628 κατεργάζονται·
535 1542 599 1610 εἰσί
608 1542 681 1608 δὲοὶ
695 1537 830 1629 άγγωνες
838 1541 955 1629 δόρατα
965 1543 1004 1609 ού
1013 1542 1086 1610 λίαν
1097 1538 1225 1627 σμικρά,
1246 1540 1359 1623 ούμεν.

278 1644 336 1708 ούν
345 1641 414 1706 ἀλλ’
426 1642 501 1707 aridi
516 1635 596 1726 άγαν
609 1643 738 1727 μεγάλα,
751 1642 821 1707 ἀλλ’
836 1637 910 1709 ὅσον
919 1636 1141 1719 άιιοντιζεσύαί
1151 1662 1193 1723 τε,
1201 1638 1291 1706 εἵπου
1305 1641 1360 1703 δε..

276 1737 360 1825 η’σοι,
377 1741 432 1805 καί
441 1741 475 1817 ἐς
493 1737 551 1815 τάς
562 1737 685 1825 άγχεμύ
686 1764 764 1824 χους
775 1724 963 1827 παρατάξας
971 1738 1049 1826 πρὸς
1063 1737 1123 1817 τάς
1135 1736 1270 1823 ἐμβολάς
1283 1738 1356 1823 ε’φι-

277 1842 429 1903 κνεῖσθαι
443 1837 559 1905 τούτων
569 1842 605 1904 δὲ
620 1835 655 1903 τό
665 1844 810 1905 πλεῖστον
815 1840 913 1925 μέρος
921 1836 1041 1927 σιόῆριρ
1052 1835 1401 1923 πάντοθενπεριὲχο·ι’ύ’

275 1962 338 2017 ται,
374 1933 418 2016 ιύς
433 1936 601 2020 ἐλάχιστόν
618 1963 651 2005 τι
670 1939 900 2025 ύιαφαινεσθαι
914 1939 973 2006 τοῦ
986 1939 1090 2021 ξύλου,
1110 1940 1166 2003 καί
1178 1933 1271 2021 μόλις
1286 1928 1356 2001 ὅλον

277 2033 331 2102 τόν
347 2039 548 2123 σαυρωτῆρα·
573 2029 638 2102 iiam
658 2037 693 2101 di
706 2035 795 2124 άμφί
806 2029 950 2124 τόάκρον
971 2040 1028 2123 τῆς
1050 2038 1169 2121 αἰχμῆς
1194 2032 1356 2116 καμπύλαι

182 2152 213 2206 v.
232 2136 355 2213 εστινὲς
371 2135 477 2213 άκίύες
491 2138 652 2220 ἔξέχουσιν
668 2132 862 2223 ἑκατέρωθεν
876 2139 910 2217 ἐξ
932 2130 1032 2222 αύτῆς
1054 2137 1154 2221 dinuo
1176 2138 1233 2219 τῆς
1248 2134 1356 2197 ε’πιδο-

274 2236 420 2321 ρατίύος,
445 2228 549 2322 ὥσπερ
581 2228 731 2323 ἄγκιστρα
756 2233 1031 2321 ύπογναπτόμενα,
1069 2236 1124 2302 καί
1152 2228 1249 2315 όςτύ
1270 2231 1355 2297 κάτω

195 2334 447 2414 laurentinam.
481 2335 537 2401 καί
556 2326 612 2403 ούν
626 2337 742 2423 α’φίησι
761 2334 858 2419 τοχὸν
874 2338 910 2402 ἐν
929 2336 1091 2423 συμπλοκῇ
1113 2332 1221 2399 τοῦτον
1245 2328 1284 2416 δὴ
1301 2327 1401 2410 τὸν»,

274 2428 398 2518 άγγιονο
424 2435 567 2521 Φράγγος
592 2433 682 2522 άνὴρ.
713 2436 769 2500 καί
798 2436 830 2500 εἰ
852 2438 913 2518 μὲν
932 2432 1063 2518 σύματί
1083 2453 1145 2500 που
1166 2431 1355 2516 ἰγχρύγειεν,

274 2534 429 2600 εἰσδύεται
442 2537 502 2616 μὲν
520 2531 605 2615 εἴσω,
619 2529 722 2620 ιύσπερ
742 2531 843 2617 εἰκός,
860 2535 881 2619 ἦ
899 2531 1018 2619 αἰχμὴ,
1039 2526 1111 2599 orire
1131 2533 1166 2598 δὲ
1192 2527 1287 2596 αύτόν
1301 2525 1356 2594 τόν

272 2635 432 2719 βληθέντα
453 2625 525 2697 rire
545 2624 639 2698 άλλον
660 2631 731 2698 τινά
750 2631 863 2720 ἐρύσαι
876 2631 994 2722 ῥηιδίως
1007 2630 1110 2698 ἔνεστι
1124 2630 1159 2697 τό
1181 2629 1270 2716 δόρυ.
1289 2625 1356 2716 εἴρ-

345 2735 384 2789 13.
393 2731 512 2798 δεησηλὶ.
568 2731 606 2801 14.
617 2733 803 2804 ἐφικνεῖσθαι
818 2735 1056 2806 Β.,άφιιινεϊοθοιι
1065 2735 1134 2804 vulg.
1205 2751 1244 2803 ¹9·
1263 2729 1355 2801 ἄγγε-

342 2786 492 2876 orpuvuig.
522 2801 814 2876 duoyuunso'peroli„
832 2809 914 2875 Intpr.
926 2818 1108 2868 eoarcuutue,
1127 2802 1222 2872 ύπογα
1245 2802 1354 2884 arripe:

342 2891 379 2928 να
394 2874 475 2944 τοίς,
495 2870 762 2947 ύπογναμπτύμενα
780 2876 863 2947 Lugd.
889 2895 908 2929 ι.
925 2894 960 2929 m
1046 2875 1087 2935 ab
1103 2871 1201 2928 οὔτεά
1235 2889 1269 2928 ον
1287 2889 1351 2927 τινα

344 2944 405 2997 add.
424 2945 472 3008 tt,
494 2945 577 3014 Intpr.
596 2963 684 3018 neque
705 2947 781 3000 alius
799 2947 952 3021 quisquam.

273 3031 389 3084 fractum
413 3030 507 3096 suerit,
530 3031 605 3084 refici
629 3039 729 3102 potest.
773 3034 883 3087 Loricas
902 3035 975 3088 enim
998 3039 1028 3086 et
1053 3049 1143 3087 ocreas
1166 3049 1223 3085 non
1244 3037 1353 3084 norunt.

273 3103 370 3171 Capita
391 3101 517 3174 plerique
540 3119 633 3155 eorum
655 3121 711 3156 non
735 3107 878 3168 muniunt,
906 3107 987 3175 pauci
1013 3122 1076 3158 vero
1104 3105 1187 3175 galeis
1207 3106 1273 3155 tecti
1299 3120 1355 3171 pu-

272 3180 368 3296 gnant.
399 3172 556 3226 Pectoribus
582 3181 611 3226 et
628 3174 782 3244 tergoribus
808 3175 844 3228 ad
859 3176 967 3229 lumbos
985 3191 1071 3246 usque
1088 3183 1152 3228 sunt
1170 3174 1266 3238 nudis,
1286 3173 1352 3224 inde

295 3245 378 3296 raccis
392 3243 449 3297 sive
467 3244 644 3296 femoralibus
659 3247 707 3296 alii
724 3245 817 3310 lineis,
832 3247 880 3299 alii
896 3248 1024 3298 coriaceis
1043 3247 1135 3308 cincti,
1152 3245 1234 3297 tibias
1252 3259 1353 3310 ooope-

272 3315 356 3366 riunt
391 3314 474 3384 Equis
490 3332 554 3367 vero
574 3332 630 3367 non
647 3323 775 3380 utuntur,
806 3318 861 3370 nisi
878 3318 1023 3369 admodum
1039 3317 1150 3386 paucis,
1176 3317 1279 3386 quippe
1303 3313 1352 3383 qui

274 3384 310 3436 ad
330 3382 483 3452 pedestrem
511 3402 645 3455 pugnam,
670 3404 739 3459 quae
763 3389 830 3458 ipsis
856 3388 997 3440 familiaris
1013 3389 1154 3456 patriaque
1173 3392 1228 3450 est,
1249 3386 1353 3454 optime

272 3456 329 3506 sint
346 3456 493 3507 exercitati.
536 3457 614 3508 Ensis
640 3457 754 3522 femori,
781 3466 809 3511 et
834 3468 939 3510 scutum
961 3460 1071 3510 sinistro
1096 3457 1175 3508 lateri
1198 3455 1352 3524 appendet:

273 3525 389 3577 arcubus
411 3533 459 3577 aut
476 3525 578 3589 fundis,
596 3527 640 3578 vel
650 3529 710 3579 aliis
728 3528 802 3592 telis,
822 3546 892 3600 quae
912 3531 1016 3580 eminus
1035 3527 1179 3589 iaciuntur,
1197 3544 1253 3577 non
1267 3533 1352 3576 utun-

272 3603 332 3659 tur,·
357 3595 405 3647 sed
433 3595 599 3663 ancipitibus
617 3599 759 3649 securibus
779 3607 809 3652 et
825 3600 992 3669 angoribus,
1013 3599 1112 3668 quibus
1131 3597 1279 3665 praecipue
1297 3609 1355 3645 rcm

273 3673 376 3732 gerunt
407 3666 477 3718 Sunt
493 3668 556 3718 vero
579 3684 696 3736 angores
712 3668 805 3721 hastae
823 3670 957 3739 quaedam
980 3686 1015 3721 ne
1035 3685 1070 3719 ue
1089 3666 1233 3719 admodum
1248 3680 1354 3733 parvae,

271 3751 362 3804 neque
379 3737 523 3789 admodum
541 3754 658 3806 magnae,
682 3739 729 3791 sed
749 3748 778 3791 et
796 3739 830 3791 ad
847 3740 918 3792 iactu
933 3687 1096 3802 ferrerium,
1115 3735 1203 3788 sicubi
1223 3751 1290 3804 opus
1308 3734 1354 3784 su-

273 3806 342 3866 erit,
362 3808 451 3858 stubi
471 3808 591 3859 cominus
612 3809 709 3861 collato
727 3809 798 3878 pede
818 3810 1017 3880 confligendum
1038 3817 1078 3860 est
1097 3808 1133 3859 im
1154 3815 1268 3875 etusque
1286 3803 1354 3854 saci-

271 3874 368 3938 eudus,
386 3879 606 3930 accommodatae.
623 3879 679 3930 Hae
687 3880 817 3950 pleraque
826 3883 869 3932 sui
877 3881 1032 3950 parteserro
1045 3885 1108 3931 sunt
1116 3825 1259 3938 obductae,
1270 3875 1309 3924 ita
1322 3880 1355 3924 ut

271 3960 414 4020 perparum
423 3949 489 4017 ligni
499 3966 513 4000 a
523 3949 631 4001 laminis
641 3949 735 4001 ferreis
749 3952 853 4003 nudum
862 3951 1053 4020 conspiciatur,
1075 3958 1156 4018 atque
1167 3947 1235 3998 adeo
1242 3945 1288 3996 vix
1295 3951 1355 3994 tota

272 4017 343 4067 imae
359 4014 454 4068 hastae
466 4022 569 4087 cuspis;
595 4037 674 4089 supra
687 4038 750 4072 vero
769 4021 804 4073 ad
822 4023 1018 4073 extremitatem
1041 4019 1153 4087 spiculi,
1172 4016 1270 4068 adunci
1290 4015 1355 4083 qui-

274 4085 333 4142 dam
352 4101 492 4138 mucrones
512 4089 640 4159 utrinque
654 4092 819 4160 prominent,
838 4110 871 4143 ex
891 4094 950 4161 ipso
967 4090 1071 4160 spiculo
1086 4088 1172 4139 instar
1183 4084 1355 4136 hamulorum

273 4155 375 4218 reflexi,
393 4163 422 4209 et
436 4155 560 4209 deorsum
573 4170 722 4228 vergentes.
741 4164 772 4213 In
795 4163 920 4213 conflictu
940 4163 1032 4232 itaque
1050 4159 1169 4210 Francus
1184 4156 1262 4207 miles
1281 4152 1356 4204 hunc

273 4243 405 4297 augonem
426 4226 507 4297 iacit5
526 4229 598 4302 quod
617 4229 703 4288 telum
722 4233 745 4286 si
766 4233 873 4302 corpori
887 4229 1126 4292 indictumt'uerit,
1148 4225 1267 4297 adigitur
1289 4221 1355 4298 qui-
