3109 4950
366 358 451 448 226.
741 446 744 457 ,
788 381 791 388 ’
826 376 1037 450 telmisu

225 550 256 602 Α.
267 549 296 601 C.
307 534 420 612 555τός
433 532 566 618 γνώμας.
588 532 696 619 ἐπειδὴ
712 522 769 597 οῦν
787 530 1010 615 α’πελὴλεγκται
1026 526 1083 593 καί
1099 531 1158 594 νῦν
1178 524 1195 591 ό
1215 532 1246 594 Γ
1244 527 1443 615 widinis&

255 621 304 673 Η
321 630 472 719 ’9ἦνιῦτυ
487 637 547 715 μὲν
563 627 609 709 οἷς
624 632 831 718 ἐκρατοῦμεν,
851 625 944 716 ἥδετο
964 630 1001 691 δὲ
1021 622 1069 704 sle
1088 625 1322 715 ἦμαρτόνομεν,
1349 625 1384 691 τί
1395 623 1444 711 δὴ.

364 756 440 797 ποτε
458 732 638 813 καταβοῦσι
656 732 718 795 νῦν
736 725 825 814 παρὰ
849 723 1137 809 Ῥωμαίοιςνόμων
1152 724 1183 789 oi
1194 723 1363 812 βάρβαροι,
1377 728 1444 791 καθ’

363 825 421 908 σῦς
439 830 581 909 κολάζειν
600 826 760 909 εἰώθαμεν
783 819 805 911 ἢ
824 824 880 891 καί
894 820 1053 913 ἀναιρεῖν,
1086 822 1171 890 οῦτω
1187 823 1363 909 παρασχόν,
1380 822 1446 900 τοῦς

362 931 397 999 τό
420 926 572 1005 καθεστὸς
596 931 653 1013 τῆς
673 930 831 1003 πολιτείοις
860 928 1022 1001 κινοῦντας
1044 924 1080 989 τό
1099 926 1197 1010 μέρος
1218 928 1275 989 καί
1302 930 1461 1005 lauatio-5

362 1034 496 1113 μὲνουςς
517 1022 586 1091 ἀλλ’
605 1028 635 1091 εἰ
654 1029 743 1091 δοκεῖ
746 1078 756 1108 ,
778 1022 934 1108 τεκμήρια
950 1026 1010 1105 μὲν
1027 1021 1083 1087 καί
1096 1026 1301 1109 γνωρίσματα
1314 1021 1368 1086 καί
1380 1020 1447 1097 πυός

363 1132 399 1195 ἐκ
416 1130 478 1194 νῦν
495 1124 625 1193 εἰκότων
647 1126 794 1212 ἐλέγχους
815 1125 983 1209 παρῶμεν,
1003 1120 1103 1207 μόνην
1121 1123 1156 1186 δὲ
1174 1119 1232 1205 τὴν
1245 1124 1282 1186 ἐκ
1296 1124 1358 1186 νῦν
1372 1147 1448 1207 πρα-

359 1229 488 1314 γμάτων
506 1223 753 1305 ἐπισκεψώμεθα
769 1231 891 1309 πεῖραν,
912 1215 1010 1308 υόπερ
1029 1222 1116 1307 ἡμᾶς
1137 1213 1258 1304 ῦγουσα
1278 1222 1380 1307 φέρει.
1397 1245 1448 1283 κα-

364 1328 483 1407 τείχετο
504 1321 566 1408 γὰρ
591 1320 652 1389 ὑπὸ
677 1324 815 1408 Περσῶν
840 1319 876 1385 τό
902 1320 1095 1407 φροόριυνῆ
1124 1314 1318 1406 Ὀνόγαυρις,
1348 1322 1383 1385 ἐκ
1400 1320 1467 1403 τῆς

362 1421 442 1490 κατὰ
470 1420 527 1507 τὴν
560 1419 789 1508 Ἀρχαιόπυλιν
812 1418 1003 1507 περιοικίδας
1023 1421 1238 1507 παρῃρημένοι·
1268 1417 1325 1484 καί
1341 1412 1380 1503 ἦν
1400 1414 1481 1488 αἶ-ιο

361 1547 439 1605 σχας
453 1523 491 1587 οῦ
510 1517 664 1608 φορητόν,
686 1518 871 1606 στράτευμα
890 1521 1043 1601 δυσμενὲς
1055 1518 1131 1587 εἴσω
1147 1520 1321 1605 περιβόλων
1334 1520 1368 1583 ἐν
1387 1528 1448 1593 τοῖς

360 1622 526 1709 ἡμετέροις
548 1618 679 1705 χωρίοις
699 1618 836 1701 βεβαίως
859 1616 1025 1703 ἱδρῦσθαι.
1052 1618 1141 1684 ε’νίκα
1164 1613 1263 1704 βουλό]
1286 1616 1373 1704 παρὰ
1387 1627 1447 1695 τοῖς

252 1751 256 1757 ’
272 1739 299 1795 Ρ.
313 1742 365 1801 118
372 1726 575 1808 στρατηγοῖς,
598 1720 713 1805 φοιτᾷν
731 1720 781 1781 ἐπ’
798 1715 919 1791 αῦτοός
933 1712 1049 1785 ἅπαντι
1063 1720 1107 1806 τῷ
1122 1720 1250 1805 στρατῷ
1258 1768 1268 1797 ,
1289 1719 1345 1781 καί
1356 1722 1448 1781 uass-

360 1828 427 1887 λεῖν
442 1813 470 1903 ἢ
485 1815 540 1881 καί
562 1810 755 1882 οἷποόσασθαι
769 1813 806 1881 τό
840 1820 960 1881 λυποῦν
992 1817 1174 1881 ἐκπλείσιου
1200 1816 1255 1881 καί
1272 1819 1451 1902 ἐφεδρεῦον,

363 1919 429 1984 ἔδει
452 1916 581 1993 πάντως
603 1917 679 2002 ἡμῖν
698 1915 754 1980 καί
776 1919 929 2003 στρατιᾶς
948 1920 1125 2001 Κολχικῆς,
1162 1916 1206 1992 οἷς
1227 1909 1269 1981 ds
1288 1914 1334 2001 μὴ
1354 1903 1502 1998 adsumi

362 2019 401 2105 τῇ
425 2020 489 2081 sois
509 2016 616 2081 τόπων
640 2018 787 2103 ε’μπειριρι
808 2019 904 2081 πλέον
924 2018 1036 2079 τιτῶν
1057 2010 1115 2081 οῦκ
1135 2018 1354 2097 ἐπισταμένων
1374 2012 1452 2099 πρός

361 2115 397 2183 τό
418 2124 565 2181 συνοῖσον
582 2118 797 2201 διανοηθεῖεν,
825 2110 906 2181 ἄλλό
924 2116 980 2178 καί
998 2116 1190 2196 μαχομένοις
1209 2112 1286 2199 ἡμῖν
1304 2111 1384 2200 πρός
1399 2106 1452 2177 dv-

363 2216 443 2301 δρας
458 2212 588 2291 ὁπλίτας
603 2216 637 2293 ἐξ
656 2215 824 2300 ἐρυμάτων
844 2215 1149 2299 παραταττομένους,
1170 2217 1227 2278 καί
1242 2212 1320 2300 πρός
1334 2238 1368 2296 γε
1382 2209 1453 2289 τοῦς

362 2318 398 2381 εἰι
419 2310 673 2401 Μουχειρίσιδος
696 2311 775 2378 κατοὶ
795 2313 830 2377 τό
849 2311 932 2390 εἰκός
955 2310 1098 2398 ἥξοντας,
1120 2311 1380 2395 συνεπιλόβυιντο
1400 2316 1455 2377 καί

362 2424 631 2502 συμπαρασταῖεν.
652 2410 688 2479 τί
700 2406 757 2480 οῦν
771 2412 826 2478 ἐπί
841 2412 964 2489 τούτοις
981 2410 1046 2477 ἔδει
1066 2409 1212 2501 πράττειν
1224 2411 1299 2490 τοῦς
1315 2438 1485 2499 στρατη-νο

361 2515 452 2600 γοός,Ι
474 2510 664 2598 ἀντιβολεῖν,
686 2513 730 2590 ὥς
744 2511 842 2595 ἔοικε,
864 2510 920 2576 τόν
935 2510 1073 2598 ἡγεμόνα
1091 2516 1285 2597 τοῦγένους,
1306 2514 1361 2577 καί
1376 2512 1454 2600 πρός

433 2667 458 2721 5.
476 2661 619 2722 sessuros
635 2667 676 2726 li„
695 2631 841 2722 καθεστὼς
858 2664 935 2741 vulg„
975 2684 1001 2734 7.
1020 2663 1122 2735 λόγους
1138 2637 1384 2736 Βφιοίλέγχουςί
1413 2684 1452 2718 ια.

432 2740 614 2807 παρῃρημένη
633 2737 661 2785 R.
673 2745 701 2788 et
713 2738 797 2804 lntpr.
815 2733 934 2817 κτείναντα,
954 2738 1207 2806 παρργμένηιναλς.
1291 2755 1329 2793 ιι.
1346 2735 1454 2808 δυσμε-

431 2805 478 2862 νὲς
495 2809 523 2856 R.
545 2812 573 2857 et
590 2807 675 2873 Iutpr.
695 2806 820 2876 hostilem
837 2819 997 2871 exercitum,
1018 2805 1168 2878 δυσμενῶν
1186 2808 1255 2877 vulg.

360 2959 430 3012 mala
452 2960 535 3010 animi
557 2962 708 3012 affectione.
746 2959 814 3011 Cum
834 2961 929 3032 itaque
951 2960 1096 3028 probatum
1112 2962 1149 3012 sit
1166 2961 1250 3012 etiam
1265 2978 1353 3024 nunc,
1376 2960 1452 3031 qnod

362 3030 485 3082 Gubazes
509 3032 589 3084 nobis
608 3031 725 3082 victoria
747 3031 844 3100 potitis
863 3031 994 3093 dolebat,
1013 3032 1037 3082 si
1059 3030 1126 3100 quid
1149 3048 1212 3082 vero
1234 3032 1338 3084 sinistri
1360 3041 1455 3083 nostra

362 3102 443 3170 culpa
458 3103 602 3165 evenisset,
621 3102 771 3172 gaudebat:
792 3101 860 3171 quid
876 3101 958 3170 igitur
967 3103 1094 3153 Romanis
1110 3101 1216 3170 legibus
1231 3103 1383 3153 occlamant
1394 3103 1458 3154 bas*

363 3172 441 3235 bari,
460 3189 493 3224 ex
513 3190 625 3242 quarum
643 3172 810 3241 praescripto
827 3173 926 3241 punire
944 3172 1070 3234 solemus,
1091 3180 1148 3234 aut,
1166 3173 1189 3222 si
1206 3189 1248 3222 res
1267 3173 1305 3223 ita
1321 3175 1458 3242 postulet,

364 3245 448 3298 ctiam
469 3261 483 3294 e
505 3245 596 3296 medio
625 3244 746 3306 tollere,
769 3243 818 3312 qui
837 3244 878 3294 rei
897 3243 1025 3311 publicae
1044 3250 1143 3295 statum
1159 3242 1302 3294 turbarent
1326 3253 1458 3312 exparte

364 3323 393 3371 et
413 3312 626 3368 labefactarent?
661 3313 710 3377 lt,
729 3317 753 3365 si
764 3313 893 3375 uidetur,
909 3315 986 3382 signa
999 3321 1082 3383 atque
1099 3311 1203 3364 indicia
1219 3313 1458 3385 probationesque

362 3401 397 3436 ex
414 3384 495 3436 rebus
521 3384 714 3437 verisimilibus
758 3386 841 3436 etitas
858 3385 1037 3450 omittamus3
1064 3385 1147 3434 solam
1168 3400 1233 3435 vcro
1257 3400 1349 3436 rerum
1380 3385 1459 3455 ipsa-

362 3471 422 3514 rum
440 3458 637 3522 experientiam
657 3402 874 3517 consideremus,
898 3471 1016 3524 quonam
1041 3455 1090 3505 illa
1110 3456 1161 3505 nos
1186 3471 1266 3522 agens
1285 3456 1365 3506 ferat.
1401 3457 1458 3507 Oe-

297 3576 303 3581 .
362 3526 515 3595 oupabatur
532 3543 547 3578 a
567 3527 653 3578 Persis
671 3526 905 3596 propugnaculum
924 3524 1077 3594 Onoguris,
1096 3541 1129 3575 ex
1148 3523 1254 3576 ditione
1271 3523 1460 3595 Archaeopoli
1537 3582 1538 3587 ,

362 3599 536 3650 circumiecta
568 3596 748 3664 ademptum,
778 3600 890 3666 eratque
926 3593 1045 3648 dedecus
1074 3594 1302 3658 intolerandum,
1331 3595 1462 3648 bostium
1537 3596 1538 3651 j

362 3669 512 3720 etcrcitum
538 3669 611 3718 intra
637 3683 726 3717 muros
753 3667 854 3717 nostris
882 3667 912 3717 in
937 3667 1005 3717 locis
1024 3665 1116 3717 valide
1140 3665 1302 3717 consedisse.
1344 3667 1464 3718 Vicerat

361 3737 430 3790 haec
449 3737 586 3790 sententia
603 3738 676 3788 inter
694 3737 846 3805 praefectos
861 3736 985 3801 militiae,
1009 3737 1085 3787 utin
1109 3753 1155 3787 eos
1175 3752 1236 3786 cum
1255 3744 1315 3788 toto
1331 3739 1463 3788 exercitu

361 3823 544 3872 moveremus,
565 3816 651 3876 utque
672 3806 891 3858 submoveremus
911 3814 940 3857 et
957 3807 1173 3876 propulsaremns
1194 3805 1238 3868 id,
1267 3804 1344 3876 quod
1368 3808 1462 3858 nobis

362 3892 442 3944 quam
461 3881 577 3932 maxime
595 3877 726 3930 infestum
743 3876 959 3947 insidiosumque
980 3885 1043 3927 erat
1087 3877 1151 3928 Erat
1172 3877 1253 3930 nobis
1271 3878 1354 3946 plane
1381 3895 1461 3948 opus

362 3949 447 3998 etiam
475 3949 602 4004 Colchico
625 3949 761 4010 exercitu,
790 3956 827 3998 ut¹
845 3965 900 3998 non
927 3948 1016 3998 solum
1039 3947 1082 3998 illi
1105 3957 1235 4014 tanquam
1259 3948 1387 3999 locorum
1402 3966 1462 4018 pe-

361 4015 408 4078 siti
442 4019 503 4086 plus
521 4019 635 4090 aliquid,
656 4035 736 4088 quam
751 4035 844 4069 eorum
870 4018 999 4086 imperiti,
1024 4020 1146 4070 consiliis
1171 4021 1228 4070 suis
1252 4019 1391 4082 iuvarent,
1407 4017 1463 4070 sed

360 4094 393 4139 ut
410 4086 576 4140 bellantibus
600 4089 680 4142 nobis
701 4087 828 4141 adversus
853 4095 968 4139 armatos
991 4089 1229 4158 munitissimoque
1244 4089 1305 4140 loco
1324 4088 1463 4140 insiden-

359 4165 417 4220 tes,
448 4166 477 4210 et
500 4157 626 4212 adversus
648 4177 703 4221 eos,
726 4161 774 4228 qui
800 4175 833 4210 ex
850 4156 1029 4209 Muchiriside
1055 4159 1242 4210 verisimiliter
1263 4160 1380 4211 venturi
1413 4159 1463 4209 vi-

360 4227 510 4289 debantur,
537 4231 627 4296 copias
650 4231 775 4298 uiresque
798 4245 859 4280 suas
878 4231 1083 4297 coniungerent
1119 4229 1196 4297 Quid
1212 4231 1308 4301 itaque
1321 4228 1404 4280 bisce
1430 4231 1465 4279 in

359 4299 442 4353 rebus
472 4299 616 4369 praelectis
644 4300 778 4352 exereitus
806 4298 963 4350 faciendum
991 4297 1080 4352 erat?
1103 4299 1246 4370 Rogandus
1268 4301 1310 4353 uti
1334 4299 1464 4352 videtur
