3109 4950
440 335 723 401 ursaonuuuu
751 340 792 402 11.
812 343 845 406 a.
1138 315 1194 428 67

110 492 153 577 τῇ
171 489 254 574 ἄμφ’
277 482 375 552 αάτόν
393 486 526 569 δυνάμει
550 486 650 565 εάθάς
666 488 839 576 ἀπεχώρει,
868 492 924 556 καί
941 490 986 567 ὥς
1000 484 1042 558 cia
1056 492 1328 580 depuli-Amas

110 613 211 653 σταται
226 584 283 673 τὴν
299 584 386 651 λείαν
400 587 568 673 διακομίση
584 586 733 671 ἠπείγετο,
743 590 988 671 βεβουλευμένον
1004 590 1099 678 αὐτῷ,
1113 584 1297 657 tusa-11²2

112 683 175 752 δάν
196 683 302 751 οἴκαδε
317 686 440 769 ἵκηται,
470 682 538 749 τότε
559 683 598 771 δη
619 684 717 763 εὐθὺς
738 683 781 763 ὥς
796 686 852 753 τὸν
872 684 1009 773 άδελφὸν
1032 698 1151 755 στεῖλαι
1165 691 1200 757 τὸ

113 782 294 870 στράτευμα
315 781 548 866 ξυλληψόμενον
571 784 657 873 αὐτῷ
673 786 728 849 τοῦ
743 786 902 852 κινδύνου.
923 786 993 850 ἄλλ’
1007 778 1078 852 orire
1095 790 1202 880 ἐκείνῳ

94 884 149 962 5ἐς
163 887 249 958 τέλος
262 882 362 965 ἐπέβη
379 878 418 945 τά
438 883 625 965 δυκηθέντα,
654 886 696 971 τῷ
712 905 745 948 τε
768 884 896 972 άδελφῷ
912 883 950 949 osi
968 885 1058 965 μάλα
1073 880 1204 972 ἤρκεσεν

116 982 284 1061 ἐπαμῦναι
310 971 370 1064 ἤδη
385 976 445 1065 γάρ
458 980 542 1067 αὐτῷ
555 976 617 1045 aaa
629 980 686 1063 τὴν
699 980 799 1068 αὐτὴν
816 982 944 1069 πορείαν
955 983 1233 1075 ἐπανερχυμέιφ,ο

115 1080 215 1162 μέχρι
232 1080 292 1159 μὲν
310 1078 455 1162 Πικηνυῧ
475 1080 531 1163 τῆς
549 1077 656 1164 χώρας
683 1077 820 1145 οάδενάτι
837 1073 1004 1147 άντάιαλον
1017 1085 1205 1169 ξυνηνέχθη.

117 1174 163 1252 ὥς
181 1177 216 1243 δὲ
232 1178 372 1241 ἐνταῦθα
388 1173 451 1265 ὁδῷ
463 1173 521 1242 ἐάν
537 1173 681 1260 ἐγεγόνει,
696 1176 789 1254 αὐτὸς
801 1180 862 1260 μάν
877 1179 951 1263 περὶ
970 1176 1026 1263 τὴν
1050 1182 1156 1247 aava
1171 1183 1206 1247 ε’-

117 1274 376 1361 στρατοπεδεάετο
388 1272 446 1359 τὴν
461 1273 559 1340 πόλιν.
579 1273 702 1339 ἔστελλε
720 1270 984 1362 δέεάθάς,άσπερ
998 1274 1114 1359 εἰώθει,
1127 1303 1206 1365 προ-

80 1370 267 1460 τοφάλακας
285 1371 342 1437 καί
365 1375 530 1459 διοπτῆρας
547 1365 665 1458 άνδρας
688 1375 721 1450 ἐς
735 1373 946 1460 τρισχιλίους,
975 1374 1014 1439 osi
1024 1372 1121 1457 μόνον
1137 1379 1208 1443 ἐπι-

118 1473 337 1554 σκεψομένους
353 1467 392 1536 τά
404 1471 519 1556 πρόσω,
540 1468 620 1536 attat
637 1468 699 1558 γάρ
713 1475 784 1552 καί,
805 1469 896 1535 εἵπου
910 1472 1053 1555 πολέμιοι
1069 1483 1208 1561 φανεῖεν,
1251 1528 1254 1532 .

119 1569 370 1651 ἀμυνουμένους.
408 1570 606 1657 Ἀρταβάνης
625 1574 660 1635 δὲ
677 1573 732 1636 καί
748 1562 879 1654 Οάλδαχ
897 1569 915 1637 ἐ
930 1566 1059 1656 Οάννος,
1074 1571 1209 1657 ἐτύγχα-

120 1690 180 1733 νον
193 1663 254 1751 γάρ
275 1661 342 1746 άμα
364 1668 764 1757 στρατεύματιῬωμαϊκρλ
780 1692 815 1733 τε
833 1670 889 1733 καί
914 1670 1055 1759 Ου’ννικῷ
1077 1673 1123 1749 εἰς
1143 1673 1211 1735 Πί-

122 1788 244 1850 σαυρον
263 1761 320 1849 τὴν
345 1766 437 1832 πόλιν
461 1768 688 1849 ξυνειλεγμένοι
711 1768 767 1832 καί
786 1769 1004 1855 ἐφεδρεύοντες
1020 1770 1060 1856 τῇ
1071 1771 1226 1858 παρόδῳ,

82 1856 214 1933 τόοάτυι
230 1861 268 1945 δὴ
290 1854 344 1928 σάν
352 1915 363 1946 ,
389 1864 498 1948 ἐπειδὴ
517 1868 657 1953 ἐκείνους
671 1863 745 1942 τούς
764 1865 980 1952 προπορευτάς
995 1869 1165 1933 ἐθεάσαντο
1179 1870 1213 1933 ἐν

123 1962 217 2049 αὐτῷ
237 1958 276 2044 δὴ
292 1964 336 2050 τῷ
360 1966 491 2051 αἰγιαλῷ
511 1966 568 2030 τοῦ
590 1965 719 2029 Ἰονικοῦ
734 1960 848 2029 κόλπου
875 1967 930 2029 καί
950 1967 988 2052 τῇ
1005 1964 1138 2055 κροκάλη
1156 1991 1215 2029 πο-

123 2059 334 2146 ρευομένους,
369 2058 558 2145 άπεκβάντες
575 2066 633 2128 cosi
652 2055 781 2143 ἄστεος,
810 2060 1017 2144 ἐσβάλλουσιν
1042 2064 1162 2147 ἀθρόον
1185 2067 1251 2141 ἐςο

123 2155 264 2241 αάτοάς,
284 2152 322 2223 εὖ
334 2158 424 2241 μάλα
442 2165 715 2248 παρατεταγμένοι,
735 2162 793 2226 καί
813 2159 944 2238 πολλοὺς
957 2164 1019 2243 μὲν
1033 2170 1095 2239 τοῖς
1113 2162 1218 2250 ξίφεσι

202 2311 224 2348 ι.
244 2292 284 2365 άμ
312 2290 429 2348 iaicis
446 2296 476 2346 lt.
553 2290 642 2351 εδθάς
659 2292 851 2363 άπεχάρει-
870 2292 968 2345 οἴκαδε
998 2296 1101 2359 ἵκηται.
1128 2295 1218 2347 Pluri-

198 2380 273 2418 mum
286 2312 317 2417 t.
338 2365 356 2416 l.
375 2366 410 2417 ab
429 2382 460 2418 ea
474 2367 633 2417 recensione
650 2382 730 2435 quam
748 2363 834 2433 Lugd.
853 2363 975 2429 exhibet,
995 2366 1042 2416 illa
1060 2365 1119 2416 abit
1139 2383 1220 2435 quarn

199 2434 230 2488 lt.
249 2441 278 2487 et
295 2436 379 2506 Intpr.
400 2436 561 2506 exprimunt
597 2434 663 2488 Nam
684 2436 754 2506 vulg.
783 2432 895 2504 quidem
912 2434 979 2488 haec
1003 2436 1102 2489 habet:
1131 2432 1219 2493 ευθάς

200 2502 355 2574 άπεχυλρει,
371 2508 591 2576 βεβουλευμένον
608 2505 691 2574 αὐτῷ,
709 2502 831 2558 ἐπειδάν
851 2505 1053 2575 άσφαλέστατα
1073 2501 1125 2570 τὴν
1140 2507 1220 2559 λείαν

206 2573 362 2647 διακομίση
377 2580 425 2628 καὶ
447 2575 546 2630 οἴκαδε
566 2576 677 2640 inuras:
698 2593 768 2646 quae
789 2593 839 2645 per
857 2594 886 2628 se
905 2586 1039 2646 spectata,
1062 2579 1108 2628 vix
1126 2593 1221 2645 repre·

203 2643 346 2698 henderes.
400 2648 429 2697 R.
447 2655 555 2709 autem,
577 2663 660 2716 quum
683 2649 888 2717 praestantioris
919 2649 1085 2700 recensionis
1105 2648 1221 2716 vestigia

206 2708 359 2778 conseruet,
388 2716 468 2786 longe
491 2718 659 2786 corruptiora
683 2716 816 2778 exhibet,
834 2719 937 2769 cunctis
955 2718 989 2768 ab
1010 2715 1154 2787 άπεχάρει
1171 2735 1219 2768 us-

207 2802 260 2855 que
280 2786 314 2837 ad
331 2784 531 2855 άσφαλέστατα
555 2787 694 2838 vocabulis
714 2789 838 2849 omissis,
857 2788 918 2840 aliis
930 2790 1113 2857 transpositis:
1132 2783 1222 2844 εδθάς

206 2851 263 2918 τήν
276 2856 352 2908 λείαν
371 2855 524 2926 διακομίση
541 2854 671 2925 ἠπείγετο
692 2856 730 2913 uie
752 2853 790 2909 ἂν
807 2859 856 2907 καὶ
871 2855 969 2908 οἴκαδε
995 2861 1095 2922 ἵκηται.
1132 2859 1221 2909 Inter-

206 2942 269 2994 pres
287 2924 415 2996 denique,
433 2928 606 2995 integerrimo
625 2927 719 2978 codice
733 2943 813 2988 usus,
831 2927 891 2978 sine
909 2927 966 2978 ulio
984 2929 1082 2979 erroris
1099 2929 1222 2994 periculo

206 2995 243 3047 ud
262 2998 402 3048 veritatem
419 2995 513 3059 ducit,
540 2997 604 3049 dum
623 2999 663 3048 sic
680 2997 775 3050 vertit:
796 2997 946 3049 Leuthares
967 2997 1061 3064 itaque
1079 3015 1139 3049 aum
1150 3011 1223 3052 cete·

205 3067 247 3119 ris
265 3065 342 3120 circa
358 3084 385 3119 τε
406 3069 493 3138 copiis
508 3065 642 3136 praedam
660 3083 765 3120 omnem
783 3085 866 3137 qaam
881 3067 1098 3138 primumseaam
1114 3065 1224 3136 desem

205 3135 398 3199 accelerabat,
417 3150 443 3190 et
462 3136 569 3189 domum
583 3135 755 3190 contendere·
826 3139 849 3188 3.
869 3130 959 3193 ειλθάς
985 3136 1046 3187 adsi.
1069 3153 1102 3186 ex
1120 3136 1149 3185 ta
1186 3135 1225 3192 sia

206 3207 256 3270 lt,
274 3206 303 3262 ἐς
320 3208 391 3276 vulg.
463 3210 487 3260 6.
507 3205 595 3271 ου’την
612 3208 663 3258 ins.
683 3223 723 3258 ex.
747 3206 775 3256 ii.
798 3213 826 3257 et
843 3207 926 3273 Intpr.
952 3204 1047 3258 eadem
1067 3207 1127 3257 via.
1199 3223 1224 3274 7.

208 3277 351 3340 Πικηνοῦ.
376 3277 421 3329 Sic
438 3279 467 3329 ii.
483 3285 513 3329 et
530 3279 625 3346 Intpr.‚
645 3277 715 3346 vulg.
734 3277 849 3339 πυκνῆς.
868 3277 946 3327 Vuie.
967 3276 1037 3327 coni.
1057 3274 1184 3338 Πιτάνης
1203 3293 1223 3328 ι.

207 3349 407 3412 Πευκεντίνης.
478 3364 503 3416 ρ,
521 3347 632 3400 ἔστελλε
651 3348 690 3409 tt,
702 3346 809 3398 ἔστειλε
827 3346 898 3416 vulg.
955 3363 993 3399 ra.
1008 3343 1225 3416 άμυνουμένους

210 3414 261 3478 ct,
280 3413 478 3490 ἀμυνομένους
516 3419 592 3469 tter
615 3417 685 3486 vulg.
741 3413 853 3481 Οάλδαχ
872 3417 902 3468 Β.
919 3423 947 3466 et
967 3417 1061 3482 Intpr.,
1082 3412 1227 3484 Οιίλδάγης

207 3485 282 3556 vulg.
335 3489 373 3541 15.
392 3477 426 3554 cri
442 3481 495 3544 οάν
506 3490 535 3540 ii.
546 3486 675 3558 etLugd.‚
694 3483 725 3539 δὲ
735 3479 788 3541 οάν
801 3483 863 3538 edd.
931 3487 970 3539 16.
988 3485 1118 3541 'larsaco
1125 3487 1154 3536 Pa

136 3603 183 3656 hil
200 3601 313 3673 quidem
326 3605 432 3660 adversi
454 3604 489 3660 ad
510 3607 639 3660 Picenum
652 3621 744 3674 agrum
768 3621 855 3674 usque
870 3603 983 3657 accidit:
1001 3619 1061 3655 cum
1078 3610 1169 3656 autem
1190 3619 1223 3654 eo

136 3690 297 3744 progressus
314 3678 501 3745 pervenisset,
519 3679 578 3747 ipse
589 3676 700 3746 quidem
717 3677 787 3726 circa
800 3675 904 3726 Fanum
917 3674 1013 3727 urbem
1031 3682 1116 3726 castra
1138 3680 1224 3725 mcta-

140 3752 187 3794 tus
205 3751 259 3811 est3
280 3746 384 3798 emissis
402 3749 484 3798 etiam
504 3748 607 3810 statim
628 3764 676 3799 suo
689 3761 781 3809 more,
807 3745 1027 3814 praecursoribus
1047 3751 1075 3795 et
1101 3744 1226 3812 specula·

138 3812 248 3864 toribus
266 3815 302 3866 ad
319 3818 371 3867 tria
388 3817 529 3868 hominum
546 3818 648 3880 millia,
668 3817 716 3885 qui
735 3816 890 3867 nonsolurn
903 3816 1038 3867 anteriora
1050 3813 1109 3863 loca
1127 3813 1225 3882 explo-

139 3892 248 3945 rarent,
263 3885 328 3948 sed,
345 3887 434 3938 sicubi
451 3886 543 3939 hostes
561 3894 763 3956 comparerent,
787 3885 973 3954 profligarent:
992 3882 1139 3936 Artabanes
1157 3889 1189 3935 v'e
1200 3901 1232 3936 ro

28 3945 31 3990 ’ἰ
140 3960 173 4004 et
189 3953 292 4006 Uldach
317 3956 365 4006 illc
391 3957 514 4018 Burnus,
539 3959 588 4027 qui
599 3974 658 4008 cum
677 3957 797 4006 exercitu
813 3957 930 4006 Romano
941 3955 1043 4022 pariter
1057 3961 1085 4004 et
1094 3953 1176 4005 Hunn
1187 3956 1232 4006 ico

139 4021 179 4074 ad
194 4024 334 4076 Pisaurum
346 4025 442 4081 urbem
458 4027 567 4078 collecti
591 4034 687 4086 erant,
709 4024 819 4075 insidiis
835 4026 866 4075 in
885 4025 999 4075 transitu
1015 4024 1174 4087 collocatis,
1192 4022 1233 4085 hi,

141 4095 272 4161 inquam,
290 4111 478 4164 praecursores
492 4093 555 4148 ilios
569 4095 739 4164 conspicati,
754 4094 784 4144 in
805 4094 864 4162 ipso
887 4094 974 4144 ionici
993 4095 1067 4146 sinus
1088 4095 1184 4146 littore
1205 4103 1235 4144 et

142 4163 288 4231 crepidine
304 4174 418 4231 euntes,
436 4179 450 4218 c
482 4167 534 4218 essi
550 4165 637 4227 urbe,
664 4164 778 4232 acieque
788 4179 804 4212 o
825 4165 891 4214 time
903 4165 1033 4215 instructa
1045 4164 1188 4216 confertim
1203 4164 1234 4214 in

143 4248 194 4284 eos
212 4235 338 4302 irruunt,
358 4253 390 4290 ac
402 4253 448 4291 nru
461 4244 503 4291 tos
515 4235 626 4308 quidem
639 4229 734 4304 gladiis
752 4179 895 4288 escientes
912 4233 1070 4303 trucidant;
1085 4251 1142 4288 non
1154 4233 1234 4304 pauci
