3109 4950
336 256 417 341 232
762 270 1000 351 ‚acernus

186 457 215 511 k
235 440 419 518 cssspssa
438 431 478 499 τίι
494 425 645 517 ἆμείνουα
667 426 722 505 καί
743 428 799 491 τοῦ
816 422 1016 512 ἀνθρωπείου
1039 421 1161 504 μᾶλλον
1188 418 1324 503 δ’χὸμενα
1348 420 1426 507 τρό-

232 524 280 580 ῑῙ·
293 542 405 616 ’9που,
425 534 488 599 τών
511 535 571 615 μέν
590 529 754 616 λοιδοριῶν
775 528 831 592 καί
850 521 1113 609 κατηγορημάτων
1128 514 1215 619 ὀλίγοι
1234 525 1425 607 φρυντισαν-

333 658 402 715 τες,
424 634 498 720 περί
520 632 666 696 πλείστου
692 630 727 693 δὲ
746 624 952 711 ποιησάμενοι
970 618 1029 706 τὴν
1044 616 1210 705 σωτηρίαν.
1240 618 1425 706 Σωτήριχόν

336 756 372 799 τε
391 728 451 818 μὰρ
469 728 690 811 οἷπεκτείναμεν
703 725 758 793 καί
772 722 848 802 τοῦς
867 719 937 805 ἅμα
951 721 1039 808 αὐτῷ
1057 722 1091 795 ἒς
1108 714 1424 822 τοῦτοίέληλυθότας,
1525 769 1526 784 i

334 832 378 909 ὥς
394 826 433 895 dv
447 832 584 905 ἐκείνους
600 831 659 909 μὲν
677 828 851 907 τισαίμεθα
869 826 923 908 τῆς
946 817 1090 900 ἀδικίας,
1119 815 1225 883 πίστιν
1247 820 1282 882 δέ
1299 811 1442 892 εῦνοίας5
1525 799 1526 884 l

302 926 544 1017 Ββεβαιοτὰτην
567 928 692 993 ἐνθένδε
715 933 783 999 τοῖς
798 928 944 1005 Πέρσαις
968 914 1221 1006 παρασχόμενοι,
1247 912 1425 984 εὐκλεέστε-

335 1055 392 1119 ρον
409 1024 701 1116 προσχιορὴσαιμεν.
717 1021 787 1088 ἐπεὶ
801 1025 836 1087 δὲ
850 1018 971 1086 τούτων
989 1042 1024 1083 τε
1041 1016 1186 1082 ἁπάντων
1207 1013 1264 1082 καί
1287 1017 1425 1097 μάλιστα

299 1168 304 1179 1
334 1130 393 1195 τοῦ
408 1126 569 1213 μηδισμοῦ
587 1128 675 1191 ἓνεκα
693 1118 750 1186 οῦκ
767 1115 920 1205 ἀνήσουσι
935 1115 1177 1202 χαλεπαίνοντες
1201 1113 1232 1180 oi
1253 1106 1424 1196 Ῥωμαῖοι,

336 1227 417 1293 ἀλλὰ
438 1227 571 1309 τάχιοτα
583 1219 660 1308 ἡμῖν
676 1221 915 1300 ἐπιπεσοῦνται,
942 1216 997 1282 καί
1016 1212 1174 1297 ἅπαντας,
1194 1212 1283 1299 τόγε
1304 1216 1337 1290 ές
1363 1213 1424 1277 αῦ-

336 1324 412 1403 τοῦς
426 1320 520 1411 ἧκον,
548 1324 779 1410 διαφθεροῦσι,
809 1318 959 1406 προσήκει
984 1316 1023 1402 δὴ
1042 1339 1094 1382 σοι
1102 1368 1112 1400 ,
1133 1307 1161 1381 ὦ
1181 1316 1332 1402 στρατηγέ
1340 1364 1350 1395 ,
1371 1314 1460 1376 δέ-ιο

335 1424 459 1510 χεσθαί
479 1448 514 1490 τε
538 1419 623 1506 ἡμᾶς
644 1420 782 1503 εὐμενῶς
803 1416 858 1482 καί
880 1415 1069 1500 ἐπαμύνειν,
1097 1416 1154 1500 τῆς
1170 1439 1206 1480 τε
1222 1412 1331 1499 χώρας
1352 1414 1424 1496 πέρι

338 1524 382 1599 ὥς
405 1522 520 1598 οἰκείοις
538 1517 680 1585 τολοιπὸν
696 1521 751 1583 καί
771 1516 924 1601 κατηκόου
945 1514 986 1579 τὰ
1006 1510 1202 1600 προσήκοντα
1219 1515 1425 1578 διανοεῖσθαι·

339 1624 393 1688 καί
401 1620 447 1705 μὴ
463 1621 615 1706 περιϊδεῖν
634 1616 821 1701 οἰχήσεσθαι
836 1616 1016 1679 κινδυνεῦον
1030 1616 1117 1696 γένος
1137 1607 1175 1677 οῦ
1188 1608 1331 1697 σμικρὸν,
1351 1609 1425 1674 οῦδὲ

339 1714 478 1806 ῦσημονζ
513 1713 594 1783 ἄλλα
619 1716 674 1781 καί
691 1712 839 1799 πλείστην
860 1708 935 1799 ὅσην
954 1708 1110 1801 ώφέλειαν
1132 1715 1172 1799 τῇ
1195 1712 1334 1797 Περσῶν
1357 1712 1425 1774 ἐπι-

311 1804 467 1909 ’κρατείρι
488 1820 728 1904 προσφέρεσθαι
755 1812 958 1882 ἱκανώτατον.
996 1815 1139 1894 πολέμων
1176 1835 1212 1875 τε
1249 1808 1309 1895 γὰρ
1344 1808 1460 1893 ἦμῦςιό

338 1916 444 2004 ίδριας
463 1909 554 1993 ὄντας
570 1917 763 1999 ἀμωσγέπως
785 1911 951 2000 εῦρήσοιτε
966 1904 1024 1993 οῦν,
1044 1912 1100 1976 καί
1113 1904 1334 1996 καρτερώτατα
1354 1911 1424 1985 ξυν-

243 2039 270 2092 Ρ,
281 2018 598 2101 ιριαμυννιζομένους,
619 2008 640 2100 'l
656 2039 690 2078 τε
699 2014 801 2101 χώρα,
821 2015 856 2078 έν
875 2014 1036 2101 ῦπερτέρηι
1051 2014 1116 2077 τών
1136 2008 1274 2091 Κόλχων
1291 2006 1424 2089 κειμένη,

339 2113 499 2201 γενήσεται
516 2114 592 2196 ῦμῖν
607 2110 796 2201 ὁρμητήριον
809 2114 961 2199 ἀσφαλὲς,
977 2115 1033 2177 καί
1048 2107 1113 2177 οἷον
1130 2108 1331 2190 ἐπιτείχισμα
1347 2100 1423 2168 κατὰ

341 2217 404 2281 τιῦν
417 2211 605 2295 notentur&
644 2215 745 2278 ταῦτα
769 2215 805 2278 δὲ
820 2208 957 2287 ἆκυῦσας
969 2209 986 2277 ὅ
1000 2207 1210 2296 Ναχοραμιὶν,
1230 2200 1376 2293 προσίετό
1393 2224 1426 2267 τε

342 2311 459 2389 αὐτοὺς
474 2309 712 2393 ἀσμενέστατα,
732 2310 789 2376 καί
802 2310 908 2399 ἐπῄνει
925 2313 980 2395 τῆς
993 2305 1235 2391 μεταστάσεως,
1268 2303 1325 2369 καί
1340 2301 1464 2388 ἕταρ’-τυ

319 2461 322 2467 ·
342 2414 473 2502 ῥοῦντας
486 2412 567 2477 ἰέναι
580 2414 740 2478 ἐκέλευσεν
746 2464 757 2494 ,
779 2410 823 2488 οἷς
836 2412 892 2496 τῆς
903 2412 1065 2495 Περσικῆς
1078 2404 1261 2494 ἐπικουρίας
1273 2407 1308 2469 ἐν
1325 2404 1425 2469 δέοντι

340 2514 556 2594 τευξομένους.
590 2509 620 2574 οἱ
641 2514 701 2591 μὲν
719 2503 776 2576 οῦν
791 2512 939 2596 πρέσβεις
957 2511 990 2584 ές
1011 2508 1050 2572 τὰ
1074 2509 1173 2572 οἰκεῖα
1196 2502 1428 2585 έπανελθῦντες,

412 2648 438 2686 a.
456 2625 768 2698 κακηγορημέτωνερδι.
790 2628 847 2679 Par.
919 2642 944 2694 η.
961 2624 1089 2697 μάλιστα
1114 2643 1168 2684 om.
1182 2627 1210 2677 R.
1281 2642 1309 2693 9.
1326 2622 1356 2681 ds
1373 2637 1424 2673 om.

410 2696 610 2825 asciculum&
624 2701 654 2752 R.
736 2697 1013 2766 strumensem
1055 2716 1107 2768 *19
1126 2711 1226 2749 τευτευ
1249 2694 1311 2747 Exc.
1383 2711 1423 2746 uo

343 2903 437 2969 l'uerit,
460 2909 595 2966 statuere:
614 2902 722 2971 potiora
745 2909 774 2955 et
804 2901 931 2967 humanis
949 2902 1072 2955 moribus
1095 2902 1317 2956 convenientiora
1340 2902 1423 2972 elegi·

340 2992 417 3038 mus,
443 2974 478 3026 dc
505 2975 633 3026 conviciis
662 2983 690 3026 et
716 2973 953 3027 criminationibus
977 2991 1074 3044 parum
1096 2975 1224 3034 solliciti,
1253 2975 1423 3043 praecipuam

340 3061 404 3097 vero
423 3044 519 3097 salutis
536 3061 627 3097 curam
649 3053 781 3114 gerentes.
816 3043 886 3096 Nam
907 3052 936 3095 et
955 3043 1126 3097 Soterichurn
1143 3044 1344 3107 interfecimus,
1363 3043 1423 3114 qui-

341 3132 394 3186 que
412 3131 472 3166 cum
493 3132 525 3166 eo
547 3115 582 3167 ad
600 3112 653 3166 hoo
671 3119 816 3176 venerant,
843 3122 876 3166 ut
895 3114 1005 3165 illorum
1022 3115 1134 3183 quidem
1150 3115 1278 3166 iniuriam
1301 3115 1424 3166 vindica·

339 3202 444 3249 remus,
470 3185 627 3236 firmissimo
652 3201 717 3238 vero
743 3185 798 3237 hoc
815 3184 875 3253 ipso
897 3185 968 3237 lacto
988 3183 1196 3239 benevolentiae
1220 3184 1360 3254 studiique
1379 3200 1422 3234 er-

357 3274 372 3311 a
394 3257 485 3325 l’ersas
512 3263 670 3326 argumento
694 3255 793 3318 edito,
822 3256 965 3323 gloriosius
987 3255 1173 3307 desciscamus.
1215 3255 1287 3310 Cum
1303 3270 1368 3307 vero
1387 3253 1422 3306 ob

338 3273 406 3380 laec
439 3325 530 3378 omnia
556 3343 587 3376 ac
614 3327 761 3396 praecipue
794 3324 830 3377 ob
857 3325 1038 3377 delectionem
1067 3324 1112 3383 ad„
1130 3327 1220 3378 Persas
1251 3341 1422 3396 nequaquam

339 3395 454 3448 desituri
472 3395 527 3446 sint
543 3397 658 3449 Romani
674 3395 704 3452 id
720 3396 835 3447 moleste
853 3396 939 3458 serre,
963 3394 1012 3446 sed
1041 3413 1121 3466 quam
1140 3396 1270 3448 citissime
1296 3413 1346 3447 nos
1368 3396 1423 3447 sint

337 3465 473 3529 invasuri,
492 3473 520 3516 et
537 3467 696 3528 universos,
714 3474 847 3537 quautmn
866 3465 927 3519 fieri
949 3465 983 3515 ab
999 3466 1067 3534 ipsis
1084 3469 1195 3534 poterit,
1221 3465 1362 3518 deleturi:
1381 3465 1422 3518 tui

338 3537 423 3592 officii
450 3541 508 3596 est,
533 3552 549 3585 o
577 3535 735 3598 Praefecto,
764 3553 814 3587 nos
835 3535 955 3607 benigne
975 3538 1101 3605 excipere
1121 3547 1262 3606 ac'propu
1300 3552 1346 3587 are
1360 3573 1370 3598 ,
1395 3541 1422 3585 et

335 3624 386 3676 pro
400 3606 527 3675 regionis,
544 3611 576 3654 ut
592 3604 718 3674 propriae
737 3603 866 3674 deinceps
886 3613 915 3656 et
939 3605 1075 3670 subditae,
1093 3607 1181 3667 salute
1200 3553 1353 3668 exsulum,
1373 3621 1423 3656 ne·

339 3693 391 3746 que
416 3677 553 3746 negligere
574 3673 607 3728 dc
632 3675 745 3730 interitu
765 3675 966 3743 periclitantem
987 3683 1095 3741 gentem
1122 3695 1178 3730 non
1197 3692 1307 3744 parvam
1332 3690 1422 3746 neque

338 3744 497 3805 obscuram,
525 3743 573 3795 sed
595 3761 663 3818 quae
689 3745 834 3794 maximam
858 3744 1004 3796 utilitatem
1025 3746 1162 3801 Persarum
1180 3746 1296 3815 imperio
1316 3745 1422 3799 adferre

337 3817 432 3884 possit.
468 3815 535 3868 Nam
556 3821 583 3865 et
599 3814 639 3864 rei
660 3813 777 3869 bellicae
799 3814 901 3882 peritos
926 3832 975 3867 nos
993 3816 1075 3869 facile
1093 3816 1266 3884 comperietis
1284 3822 1314 3867 et
1330 3817 1422 3868 fortis-

339 3886 406 3938 sime
426 3887 553 3937 socictate
571 3883 712 3936 vobiscum
734 3884 804 3935 inita
822 3884 1010 3952 proeliantes;
1036 3887 1088 3938 erit
1108 3904 1142 3941 uc
1161 3885 1239 3941 vobis
1261 3888 1337 3938 locus
1365 3885 1422 3953 ipsc

338 3956 368 4006 in
393 3953 524 4005 ulteriore
548 3953 708 4008 Colchorum
729 3955 840 4024 regione
864 3955 933 4006 situs
959 3962 1019 4007 tuta
1040 3957 1108 4011 belli
1136 3955 1235 4018 sedes,
1259 3955 1423 4024 irruptioni-

336 4023 389 4074 lrus
409 4021 539 4074 faciendis
563 4025 722 4092 peridouea‚
741 4042 772 4076 ac
803 4023 888 4075 veluti
908 4027 1141 4094 propugnaculum
1159 4025 1285 4081 nclversus
1305 4025 1421 4077 hostes.''

338 4093 411 4148 Haec
428 4109 490 4142 curn
508 4092 628 4144 audisset
645 4094 831 4164 Nachoragan,
842 4094 1025 4147 libentissime
1046 4113 1092 4148 eos
1111 4095 1228 4164 excepit,
1242 4103 1272 4146 ct
1288 4096 1422 4148 delectio-

295 4161 299 4168 '
338 4165 381 4222 nis
402 4161 546 4224 consilium
568 4161 706 4232 laudavit,
740 4166 897 4239 alacresque
924 4163 1000 4221 abire
1025 4167 1180 4233 iussit‚-ut
1195 4166 1301 4226 Persica
1320 4164 1422 4224 smilis
