3109 4950
456 315 682 384 Punsstt'no
710 315 920 384 Nomou.
1089 321 1224 383 mvn

154 496 252 558 quos,
280 483 407 559 praeter
436 491 491 536 sos
514 493 594 556 quos
614 472 681 558 ipss
704 471 998 549 enimedtertsrem,
1029 470 1112 534 notis
1144 471 1224 534 meis

156 573 287 640 inserui.
343 571 408 635 Sed
437 571 528 634 etde
549 572 623 636 loeo
647 593 713 634 nott
738 593 806 634 uno
842 570 1058 634 reverendum
1090 569 1227 634 elatissi-

155 693 305 754 mumque
342 671 444 732 virum
472 671 673 734 Famosum
702 671 818 732 Iuntuu
841 670 998 753 collegam
1014 689 1121 732 meum
1148 687 1226 730 eon·

156 773 260 847 salui,
281 769 379 852 idque
401 791 473 832 oum
489 771 607 836 fructu.
648 767 765 830 Libens
789 767 876 831 enim
899 789 955 832 eos
976 767 1034 850 qui
1052 766 1227 851 symbolam

155 869 296 950 aliquem
316 869 357 930 ad
368 869 430 932 hoe
447 890 529 954 opus
547 867 754 932 contulerunt
773 866 881 930 leudo.

599 1016 799 1036 Μ

435 1201 647 1245 sevitute
678 1201 955 1244 cuentsetttuu

300 1294 727 1350 BONAVENTUMM
762 1289 1074 1349 VULCAMUH

416 1413 470 1462 DE
499 1411 691 1463 nonme
722 1409 964 1464 neomuto

615 1528 769 1566 MNO!-

158 1615 297 1667 Mostene
312 1615 388 1668 uitae
403 1613 546 1680 Historia,
563 1632 636 1687 quoe
651 1615 723 1668 niltil
734 1615 835 1688 pigrae

159 1685 306 1738 Obliuioni
319 1685 495 1756 iniuriaeque
510 1687 644 1738 seclorum

158 1755 271 1808 Patitur
290 1755 392 1816 litere,
410 1751 492 1807 laude
502 1757 608 1825 perpeti
622 1753 721 1824 dignos

156 1827 181 1878 A
195 1838 281 1878 mot-te
294 1823 429 1892 prohihet,
443 1825 520 1878 alitis
532 1823 636 1878 uehens
648 1825 751 1878 Famae

159 1895 278 1962 Populos
290 1912 340 1961 per
355 1911 446 1947 omnes
460 1913 518 1960 non
532 1893 646 1948 solubili
655 1911 756 1963 penna.

164 1961 218 2015 Sed
229 1963 379 2016 saevientis
396 1961 478 2016 ludut
492 1964 540 2016 ille
553 1965 712 2024 fortunae,

164 2034 221 2100 Qui
233 2033 312 2086 urbes
325 2045 353 2085 et
369 2034 428 2086 alta
443 2049 530 2102 regna
537 2031 670 2105 funditus
689 2033 792 2095 uertit,

166 2103 253 2172 Saepe
270 2104 363 2154 obruit
374 2102 483 2155 silentio
500 2104 611 2156 obrutos
622 2102 696 2155 letlto
705 2141 717 2162 ,

161 2173 201 2224 Et
214 2169 308 2240 perdit
325 2173 402 2224 evita
434 2189 467 2224 ue
484 2184 536 2224 tem
556 2191 633 2226 orum
647 2175 743 2224 uitam.

160 2242 200 2292 Ne
219 2257 308 2308 nuper
324 2241 376 2294 loo
388 2245 412 2294 ti
430 2245 517 2295 iaoci
537 2246 588 2294 isse
607 2243 737 2296 miremur

160 2311 241 2364 Felix
258 2308 394 2382 loquendi
406 2309 506 2380 laude,
521 2311 657 2381 Agatltia,
678 2323 708 2363 at
722 2306 823 2380 initiis:

161 2381 324 2452 inertiaque
340 2381 508 2453 inscitiaque
526 2382 675 2442 lectom,

162 2450 200 2502 Ni
221 2460 246 2502 te
265 2453 367 2521 rapaci
379 2450 550 2505 vindicasset
566 2450 658 2522 asoto

161 2520 244 2573 Felix
259 2532 286 2571 ei
301 2518 411 2573 erudita
431 2540 499 2575 curu
513 2522 654 2585 Votum,

160 2592 308 2641 Hominum
327 2602 357 2643 ut
361 2592 477 2663 fruaris
488 2591 565 2653 luce,
581 2608 648 2661 part
662 2590 705 2644 tui
717 2600 745 2642 et
760 2602 861 2657 magna

161 2661 234 2712 Aliis
249 2660 357 2729 sibique
374 2658 457 2713 tausis
473 2674 598 2729 postuma
612 2670 735 2720 crescat,

160 2730 339 2800 segetemque
346 2730 445 2800 famae
461 2729 533 2783 tanc
552 2726 664 2784 vindici
675 2748 725 2783 suo
739 2728 852 2798 linquat

160 2798 200 2849 Et
215 2797 334 2859 editori,
354 2818 432 2867 quem
452 2801 582 2871 loquetur
593 2818 671 2851 omne
689 2816 788 2851 aeuum

166 2868 275 2920 Functo
293 2886 383 2923 necem
398 2870 558 2931 abstulisse,
575 2882 697 2922 mortuae
711 2880 737 2921 et
753 2868 833 2921 uitae

163 2935 278 2991 Dedisse
292 2940 400 3001 uitam,
421 2956 492 3010 quoe
509 2941 639 3009 perennis
656 2938 721 2991 huie
737 2938 839 2996 statie,

165 3008 235 3059 Dum
253 3010 338 3060 statio
350 3008 543 3079 terrisfitsrt't,
562 3022 588 3061 ot
602 3021 676 3061 stata
694 3007 816 3061 Phoebus

164 3076 280 3132 Niueam
295 3090 419 3135 recurret
429 3079 522 3134 orbita
538 3077 679 3133 advolent
692 3078 788 3132 lucem

737 3182 819 3233 letos
836 3180 929 3233 Boou
956 3180 984 3232 F.

597 3436 811 3455 m
