3109 4950
511 340 797 441 nrsronnnsm
824 342 880 407 nr.
899 349 932 421 9.
1189 308 1270 399 155

186 512 257 580 όδδ
274 504 413 588 όναστάς
427 507 488 578 σόν
506 502 602 599 όργῇ,
620 508 675 575 καί
692 508 897 597 προπηδήσας
913 512 947 587 ἐς
968 514 1096 595 μίσους,
1117 497 1338 596 λόημηγό-ΔῙΟ.
1353 518 1405 591 554

185 635 237 697 ρει
266 606 409 696 καθάπερ
429 609 463 673 ἓν
479 610 697 697 δημοκρατικῷ
714 607 937 699 βουλευτηρίῳ.
969 604 1010 694 ἧν
1024 607 1084 697 γὰρ
1098 605 1153 673 καί
1169 590 1364 692 lisseol·hil

97 770 100 777 .
185 707 289 785 δεινός
306 710 401 773 πλέον
425 700 447 792 ἢ
465 703 542 772 nosci
560 707 757 795 βαρβάρους,
786 706 842 771 καί
862 702 926 785 υἷος
940 715 1007 784 τοῖς
1022 706 1157 793 νοήμασι
1176 707 1269 795 ῥητο-

184 803 434 894 ρεόεινλφόσεως
455 806 620 890 δεξιότητι.
640 804 695 869 καί
711 808 816 871 τοίνυν
835 802 917 882 ἔλεξε
934 802 1054 870 τοιοίδε·

165 908 185 975 5
265 903 308 969 θ’.
328 906 398 985 „El
409 900 467 985 μὲν
480 904 515 969 ἒν
530 900 634 987 λόγοις
650 904 735 987 ἡμᾶς
747 902 802 967 καί
810 908 940 986 βουλαῖς
953 899 1082 988 η’δίκουν
1099 900 1269 987 Ῥωμαῖοι,

175 1002 286 1078 Ικαλῶς
304 996 343 1068 όν
360 1000 415 1065 καί
431 1000 523 1086 ἡμεῖς
544 1008 609 1077 τοῖς
629 1000 748 1083 ὁμοίοις
766 1000 885 1076 αότυός
905 999 1096 1083 ἀμυνόμενοι
1113 1004 1267 1066 διετελοῦ-

183 1105 250 1181 μεν·
271 1102 329 1165 νόν
341 1102 376 1165 δὲ
395 1101 461 1177 πῶς
483 1094 625 1183 ἀνεκτόν,
646 1097 722 1176 soris
739 1104 800 1183 μὲν
818 1092 879 1185 ἤδη
893 1097 933 1164 τοὶ
950 1097 1076 1165 πάντων
1097 1101 1265 1165 δεινότατα

95 1222 98 1229 ’
185 1200 386 1286 δεδρακέναι,
407 1201 482 1285 ἡμῖν
499 1202 534 1263 δὲ
551 1196 608 1266 τόν
625 1201 685 1264 τοῦ
696 1195 886 1286 οἷντιδρᾶσαι
900 1196 1011 1286 καιρόν
1025 1201 1070 1275 εἷς
1089 1199 1124 1265 τό
1140 1202 1297 1281 μέλλεινλ)

183 1302 239 1365 καί
254 1297 465 1382 βουλεύεσθαι
478 1284 686 1387 διαβραῆναις
708 1298 747 1364 od
760 1297 820 1386 γὰρ
836 1296 876 1383 δὴ
888 1296 1022 1385 πάρεστι
1042 1302 1142 1383 λέγειν
1155 1296 1271 1376 οόςπο-

145 1396 365 1479 εολέμιοιμὲν
387 1390 475 1461 odron
495 1406 560 1473 τοῖς
576 1396 679 1484 ἔργοις
698 1388 783 1473 ὄντες
797 1395 1019 1484 πεφώρανται,
1041 1400 1216 1463 είκασθεῖεν
1235 1398 1271 1463 tt

184 1488 226 1561 o’lu
244 1495 345 1577 μόνον
357 1498 509 1578 μελετῶσι
524 1496 617 1560 τοῦτο
635 1494 690 1560 καί
702 1497 924 1579 βουλομένοις,
942 1490 1018 1559 οόδὲ
1031 1494 1207 1581 τεκμηρίων
1222 1520 1271 1559 τι·

183 1595 247 1657 νῶν
266 1594 496 1679 ἐπιμνησθῆναι
519 1592 627 1678 δεήσει
651 1593 731 1681 πρὸς
748 1591 875 1677 ἔλεγχον
889 1594 987 1680 δῆθεν
1008 1596 1178 1677 ἐπιβουλῆς
1195 1599 1271 1658 λαν-

181 1686 351 1775 θανούσης.
370 1685 451 1755 litt
457 1694 488 1757 Γ
487 1690 625 1777 ουβόζης
638 1696 707 1775 μὲν,
729 1690 953 1776 ότηλικοῦτος,
968 1687 1052 1755 δότω
1070 1716 1137 1767 πως
1149 1686 1271 1767 οἷθλίως

181 1788 353 1875 ἠφάνισται
373 1786 476 1877 όόσπερ
497 1815 547 1867 τις
566 1793 630 1857 τῶν
652 1790 774 1855 πολλῶν
793 1788 1071 1876 καδῆμελημίνων.
1099 1790 1221 1873 οἴχεται
1235 1791 1272 1855 δὲ

144 1890 325 1975 λόφρυῦδον
349 1888 386 1952 τό
410 1886 546 1955 παλαιόν
563 1892 635 1971 ’,τοῖν
657 1886 795 1973 Κόλγοον
820 1885 960 1972 οἷξόομα,
988 1888 1045 1954 καί
1065 1887 1213 1953 τολοιπόν
1232 1888 1271 1951 od

181 1988 241 2051 τοῦ
256 1978 366 2073 ἄρχειν
379 1982 496 2075 ἑτέρων
513 1983 682 2053 ἀνθεκτέον
699 1990 778 2073 ,ἡμῖν
787 2040 797 2069 ,
827 1983 896 2052 ἄλλ’
913 1990 1090 2073 α’γαπητόον
1108 1986 1194 2075 εἴπερ
1214 1988 1273 2074 ἐξῇ

180 2088 243 2151 τῶν
262 2085 370 2172 πρώην
390 2084 536 2173 όπηκόων
559 2088 602 2174 μη
622 2084 749 2175 σφόδρα
766 2093 1028 2168 μειονεκτεῖσθαι.
1058 2080 1124 2163 πυός
1149 2079 1208 2151 οὖν
1229 2080 1267 2149 od

180 2183 253 2250 λίαν
276 2186 454 2273 παράλογον
461 2238 471 2269 ,
508 2188 540 2251 εἶ
555 2186 629 2275 περί
646 2189 709 2253 τῶν
730 2180 776 2264 οἷς
803 2189 905 2254 ταῦτα
930 2186 1153 2271 κατείργασται
1173 2190 1345 2259 sutis-m

179 2282 606 2368 δοόμεθαδιασκοποόντες,
636 2284 766 2372 πότερον
783 2285 901 2362 αὐτοὺς
924 2286 1092 2368 ἐχθίστους
1111 2278 1133 2368 ἢ
1153 2282 1266 2371 φίλους

136 2376 262 2451 nocivus
292 2388 459 2466 κρινοῦμεν
466 2412 478 2466 ,·
515 2384 615 2451 καίτοι
642 2385 822 2470 γιγνώσκειν
844 2381 967 2469 χρεοόν,
1005 2381 1049 2459 οός
1072 2378 1146 2448 οὐδὲ
1172 2386 1269 2469 μέχρι
1277 2395 1309 2450 V.
1323 2397 1359 2467 59

243 2505 274 2544 21.
293 2487 499 2558 προσπηδόσας
518 2492 547 2541 R.
630 2493 654 2544 5.
675 2487 750 2561 ἤμτῖς
768 2491 797 2542 R.
817 2497 846 2542 et
863 2490 964 2556 λαῖμα,
986 2486 1062 2558 ducis
1078 2487 1149 2556 vulg.
1240 2490 1269 2546 6.

247 2555 356 2628 γτιν’τυδς
373 2560 435 2612 odd.
454 2578 488 2613 ex
506 2561 534 2612 R.
553 2569 582 2614 et
597 2563 684 2630 Intpr.
699 2561 731 2612 in
748 2578 802 2614 eos.
941 2562 979 2612 13.
1002 2559 1017 2610 d
1036 2557 1200 2622 τηλικοῦτος
1220 2559 1268 2619 λλ,

250 2629 397 2694 ὁπηλίκος
413 2631 485 2700 vulg.
557 2635 595 2686 16.
614 2627 765 2701 οἰγαπητόν
783 2633 813 2681 m
868 2633 905 2684 18.
927 2627 1131 2699 καθεδούμεθα
1148 2629 1176 2678 u
1193 2626 1267 2698 (ci),

250 2699 470 2772 καθεδουμένων
482 2701 552 2770 vulg.
568 2710 597 2754 et
613 2701 712 2771 Lugd,
727 2703 756 2754 in
774 2719 829 2773 quo
847 2719 882 2754 nn
897 2720 921 2755 n.
932 2703 1064 2755 correxit:
1083 2695 1267 2770 καθεδούμε-

250 2785 311 2835 ros,
332 2772 417 2840 lntpr.
436 2774 462 2824 si
476 2769 595 2825 sedendo
614 2773 806 2827 consultamus.

179 2857 369 2908 assurrexisset
378 2865 406 2908 et
414 2859 444 2908 in
455 2857 559 2909 medios
570 2859 740 2926 prosiliisset,
754 2861 914 2910 concionem
926 2854 1025 2908 hebuit
1035 2855 1121 2908 veluti
1130 2856 1159 2906 in
1170 2861 1268 2906 senatu

177 2927 315 2996 populari.
350 2927 413 2978 Erat
431 2929 505 2979 enim
526 2928 709 2997 eloquentior,
730 2945 812 2998 quum
827 2930 918 2980 solent
937 2944 996 2980 esse
1009 2925 1140 2989 barbari,
1180 2926 1266 2996 nique

177 2997 322 3049 sententiis
338 2997 401 3065 ipsis
424 3007 557 3049 oratorem
578 3015 656 3068 ogere
677 3007 799 3068 poterut,
819 3007 931 3051 naturae
957 2996 1121 3048 dexteritate
1145 3011 1161 3046 α
1181 2995 1265 3050 ‘utus-

177 3068 210 3118 λα
226 3065 301 3119 bunc
315 3068 408 3137 itaque
424 3068 534 3120 modum
550 3069 632 3120 verbs
649 3069 728 3120 fecits

246 3155 273 3207 9.
310 3138 358 3201 „Si
382 3137 472 3190 verbis
495 3155 545 3190 nos
570 3147 617 3190 eut
645 3139 766 3190 consiliis
788 3139 932 3190 iussissent
952 3137 1084 3198 Romani,
1103 3141 1176 3185 recte
1198 3151 1266 3202 pro-

178 3205 249 3258 iecto
269 3208 351 3260 etiem
369 3225 420 3260 nos
444 3209 578 3262 similibus
601 3209 682 3260 rebus
706 3210 836 3262 iniuriam
854 3208 1060 3261 vindicaremus.
1095 3203 1175 3254 Nunc
1201 3219 1265 3258 vero

178 3293 295 3345 quonam
316 3286 395 3347 poeto
421 3278 474 3330 boc
490 3279 526 3332 sit
553 3279 743 3342 tolerandum,
780 3279 844 3331 illos
863 3277 975 3350 quidem
994 3273 1167 3326 atrocissimis
1184 3275 1264 3327 malis

177 3361 228 3396 nos
254 3349 387 3410 offecisse,
413 3349 497 3400 nobis
526 3365 591 3401 vero
615 3349 836 3418 compensandne
859 3349 974 3400 iniuriae
998 3345 1167 3398 occasionem
1194 3362 1266 3396 cun-

178 3417 277 3469 ctando
296 3427 325 3469 et
344 3413 520 3471 deliberando
539 3419 671 3473 effluere?
693 3417 789 3490 Neque
807 3419 880 3470 enim
900 3418 955 3470 dici
969 3425 1075 3484 potest,
1103 3414 1178 3485 quod
1193 3432 1266 3466 non·
1322 3415 1325 3422 '

87 3523 91 3530 .
177 3483 245 3536 dnm
275 3487 385 3558 quidem
415 3488 506 3541 hostes
537 3491 618 3542 rebus
647 3491 714 3559 ipsis
744 3491 878 3559 lectisque
904 3489 961 3540 sint
990 3486 1173 3553 deprehensi,
1214 3485 1265 3538 sed
1317 3522 1325 3535 s

175 3561 285 3607 tentum
302 3559 449 3610 verisimile
469 3560 520 3621 sit,
533 3576 579 3612 eos
596 3558 649 3613 hoe
668 3561 776 3612 molitos
797 3567 951 3628 essentque
972 3558 1002 3609 in
1015 3559 1107 3611 ammo
1126 3555 1265 3622 habuissem
1372 3602 1375 3609 .

175 3643 268 3694 neque
296 3643 404 3680 necesse
426 3637 481 3692 est,
506 3640 662 3700 argumento
695 3630 826 3701 quaedam
860 3646 1067 3682 commemorare
1094 3625 1129 3677 nd
1148 3626 1266 3678 latentes

174 3697 284 3750 seilicet
305 3705 333 3749 et
349 3707 434 3752 tectas
454 3693 574 3767 ipsorum
591 3702 704 3754 insidias
729 3699 897 3768 probandam
927 3698 978 3752 sed
1007 3698 1130 3750 Gubazes
1153 3695 1266 3767 quidem

174 3767 217 3818 vir
233 3774 327 3818 tentus
339 3768 406 3822 adeo
425 3771 523 3822 misere
539 3773 659 3824 emedio
679 3771 802 3822 subintus
820 3779 862 3822 est
875 3771 961 3822 veluti
981 3770 1081 3838 uliquis
1096 3783 1111 3818 e
1127 3767 1221 3818 multis
1237 3774 1266 3818 et
1320 3820 1323 3825 ,

174 3837 397 3904 neglectioribos.
438 3841 557 3892 Evanuit
576 3841 630 3893 iam
655 3849 733 3895 vetus
758 3843 808 3892 illo
825 3841 988 3894 Colchorum
1006 3839 1141 3906 dignitus,
1172 3854 1283 3908 nequer

175 3903 306 3976 deinceps
323 3907 404 3960 nobis
421 3909 510 3962 danda
522 3921 564 3964 est
579 3929 671 3980 opero,
693 3920 725 3963 ut
743 3911 806 3962 eliis
821 3911 1000 3979 imperemus,
1020 3908 1070 3959 sed
1088 3925 1121 3960 eo
1138 3909 1263 3960 contenti

174 3976 279 4040 simus,
296 3978 322 4028 si
337 3979 420 4032 liceat
443 3980 477 4032 ub
497 3979 540 4044 iis,
564 3983 612 4052 qui
632 3983 699 4036 olim
720 3980 802 4032 nobis
818 3980 923 4032 subditi
939 3981 1065 4041 fuerunt,
1078 3995 1135 4030 non
1147 3978 1262 4048 pessime

175 4049 297 4102 tractari.
333 4047 398 4118 Quo
407 4057 494 4170 pacto
507 4065 572 4102 vero
585 4068 642 4103 non
658 4049 785 4102 sitvulde
803 4048 961 4112 absurdum,
978 4049 1001 4100 si
1015 4049 1050 4101 de
1070 4049 1113 4112 iis,
1129 4047 1178 4120 qui
1193 4047 1263 4098 boec
1307 4081 1309 4085 -

173 4125 377 4184 perpetrarunt,
392 4135 405 4170 s
423 4119 532 4172 decenus
551 4119 743 4182 deliberantes,
760 4127 852 4170 utrum
867 4136 912 4171 eos
922 4117 1133 4182 inimicissimos,
1149 4135 1185 4168 sn
1197 4133 1261 4168 vero

175 4185 275 4238 amicos
300 4186 486 4242 declaremus?
512 4188 597 4260 Atqui
608 4189 647 4240 its
659 4196 807 4242 etstuamus
819 4197 937 4257 oportet,
956 4207 1012 4242 non
1024 4193 1098 4244 intro
1111 4190 1194 4242 hosce
1204 4192 1261 4255 ter-

156 4256 263 4327 minos
278 4273 374 4312 eorum
391 4259 534 4315 sonuum
550 4259 741 4329 substituerem,
760 4259 810 4314 sed
831 4259 1028 4318 uobiscrimcu
1048 4259 1102 4313 boe
1120 4256 1260 4352 nostium
