3109 4950
274 288 304 372 6
520 278 522 302 “
706 311 916 377 terrane

275 469 344 533 rto'ir
358 487 392 532 τι
407 466 463 530 καί
484 462 749 548 διαλογιζόμενος,
771 461 992 546 άκιράγασδαι
1004 461 1065 540 μὲν
1082 461 1200 544 χρῆναι
1211 458 1351 544 ἤγοάμην

276 563 331 631 καί
352 562 473 642 κοινοάς
492 562 645 644 άνυμνιΐν
658 560 819 646 εὐεργέτας
839 555 914 634 τοάς
940 555 1067 634 άπάσαις
1086 549 1150 642 ἤδη
1173 554 1208 620 αἱ
1232 557 1350 624 τοιαίδι

245 670 490 750 οπραγματεΐαι
509 658 758 744 διαπεπόνηνται.
781 653 819 720 οὗ
842 654 1097 742 μὴνδγχιιρητέα
1117 654 1192 738 ἐμοί
1208 659 1289 745 τῷδε
1305 658 1350 744 τῷ

273 762 357 851 πόνῳ
378 759 496 842 ἐδόκει,
526 759 600 825 οὐδὲ
622 754 681 841 τὴν
709 753 813 842 ἀρχὴν
839 757 1060 840 άιιοτιειρατέα.
1089 751 1258 837 ἐτύγχανον
1288 753 1348 839 γάρ

273 863 392 943 μᾶλλον
415 858 454 943 δή
477 884 511 922 τι
534 858 570 923 ἐκ
592 855 715 920 nautor
733 859 778 942 τῷ
798 850 891 943 ἧριάιμ
910 853 1023 942 ῥυθμῷ
1043 853 1218 935 ἀνειμένος,
1239 852 1297 917 καί
1307 857 1367 935 μεό

273 951 403 1044 ἤρεσκον
430 953 469 1022 τά
493 951 660 1041 ἡδύσματα
686 955 751 1018 τοῖν
769 957 825 1039 τῆς
848 955 1009 1038 ποιητικῆς
1030 949 1274 1035 κυμψευμάταν.
1294 953 1350 1016 καί

273 1053 379 1121 τοίνυν
398 1054 569 1137 πεποίηται’
582 1075 639 1135 μοι
662 1054 696 1118 ἕν
720 1047 901 1139 ἑξαμέτροις
926 1053 1050 1137 βραχέα
1070 1043 1150 1115 άττα
1172 1049 1349 1134 ποιήματα,

272 1149 296 1216 οἳ
313 1151 353 1238 δὴ
369 1148 539 1238 Δαφνιαιιά
556 1146 796 1232 ἐπωνόμασται,
815 1149 934 1231 μάθοις
946 1149 1013 1216 τισί
1033 1151 1255 1229 πεποικιλμένα
1269 1151 1349 1233 ἐρω-

242 1259 389 1332 orizon,
409 1251 464 1317 καί
479 1253 543 1318 τῶν
558 1247 704 1316 τοιυάιαν
722 1250 864 1315 άνάιιλεα
881 1246 1107 1334 γυρτευμάτων.
1126 1245 1215 1326 ἔδοξε
1236 1247 1271 1310 δι’
1293 1267 1351 1327 μοι

270 1347 420 1437 πρότερον
435 1351 555 1416 κοῖκεῖνο
576 1345 755 1430 άξιέπαινίν
773 1374 806 1414 τι
821 1343 903 1415 εἶναι
920 1350 975 1413 καί
996 1343 1053 1413 αάκ
1074 1340 1184 1432 άχαρι,
1204 1344 1267 1430 εἴγε
1284 1347 1391 1412 toireio

270 1448 515 1535 ἐπιγραμμάτων
544 1447 584 1514 τά
615 1443 759 1536 άρτιγενῆ
779 1447 836 1514 καί
853 1449 1007 1534 ντάτερα,
1029 1449 1276 1512 διαλανθάνοντα
1297 1442 1360 1525 ἔτι,

269 1549 325 1611 καί
337 1545 439 1632 χάδην
456 1542 574 1613 adtraat*
592 1553 666 1634 παρ’
685 1549 781 1623 ἐνίοις
793 1545 1091 1632 άτιοψιδυριζάμενα
1100 1596 1110 1626 ,
1131 1540 1298 1628 άγείραιμί
1312 1565 1347 1607 το

270 1644 314 1719 ὥς
333 1640 448 1711 οἷόντε
464 1649 509 1722 εἰς
524 1643 641 1712 ταάτδν
654 1646 710 1710 καί
725 1645 946 1732 άναγράψαιμι
961 1646 1076 1709 ἕκαστα
1092 1647 1127 1710 ἐν
1143 1642 1249 1729 κάσμιμ
1270 1641 1350 1705 αἰτο-

270 1746 445 1830 κεκριμένα.
466 1735 522 1810 καί
535 1738 592 1811 οὖν
609 1743 646 1829 δὴ
660 1747 715 1810 καί
728 1743 799 1810 τάδε
815 1768 871 1826 μοι
886 1746 1097 1809 ἐκτετέλεσται
1115 1739 1207 1826 ἕτερά
1222 1764 1258 1804 τε
1274 1729 1351 1803 τισλ-

270 1839 310 1904 λά
341 1843 559 1926 άγωνισματα,
587 1847 644 1907 τοῦ
665 1846 726 1925 μὲν
749 1842 920 1926 ἀναγκαίου
937 1839 1034 1927 χάριν
1052 1834 1090 1903 ori
1111 1839 1199 1921 μάλα
1217 1843 1390 1920 nauroy-15

75 1989 79 1998 ·
188 1941 190 1950 ’
216 1941 375 2023 Ρλμένα,
394 1933 496 2017 άλλως
512 1944 548 2007 δὲ
560 1941 636 2018 ἴσως
650 1938 837 2028 προσαγαγά
853 1943 909 2006 καί
922 1939 1099 2023 θελκτήρια.
1121 1941 1177 2000 καί
1190 1933 1251 2019 γάρ
1269 1938 1350 2020 δῆτα

271 2040 293 2128 ἦ
310 2043 433 2124 ποίησις
451 2037 535 2126 ἱεράν
551 2065 583 2106 τι
599 2044 709 2126 χρῆμα
730 2042 786 2104 καί
802 2041 981 2104 θεσπέσιον.
1008 2038 1196 2102 ἐνθουσιῶσι
1213 2036 1290 2116 γυῦν
1315 2034 1351 2098 ἐν

270 2139 352 2228 αὐτῇ
369 2138 404 2205 αἱ
420 2140 546 2224 ψυχαί,
568 2137 651 2204 εἴποι
673 2131 713 2206 dv
742 2135 759 2203 d
785 2135 885 2224 σοφάς
911 2136 930 2201 δ
953 2134 1161 2222 Ἀρίστωνος,
1194 2131 1250 2197 καί
1280 2131 1352 2196 λίαν

269 2237 436 2303 οδδίνουσιν
450 2237 663 2326 ἒπαφρόδιτα,
685 2233 755 2305 ὅσαι
773 2234 812 2324 δὴ
828 2237 871 2312 ὥς
887 2231 1013 2321 άληθῶς
1024 2231 1237 2318 μουσάληπτυι
1250 2232 1351 2309 γίνον-
1409 2272 1412 2283 .

268 2328 346 2420 ται,Ι
358 2335 413 2403 καί
436 2340 510 2425 τῇδε
535 2336 660 2424 κάτοχοι
681 2340 722 2426 τῇ
746 2335 890 2424 βακχεία.
910 2332 984 2416 ε’μοί
1004 2335 1065 2416 μὲν
1083 2325 1142 2396 σάν
1163 2332 1268 2395 τοῖσδε
1284 2333 1390 2398 dut-ao

338 2474 364 2513 a.
383 2455 508 2516 ὁπόσους
522 2460 578 2513 Par.
634 2457 665 2510 αλ
683 2457 744 2511 atld.
756 2459 795 2519 R„
814 2474 865 2512 orn.
879 2453 949 2525 vulg.
1005 2457 1028 2510 3.
1047 2451 1151 2523 ἔγχιιρ.
1169 2445 1225 2523 γάρ
1243 2449 1351 2522 incili.

338 2528 363 2595 d.
383 2526 451 2580 ου’δὲ
471 2520 522 2593 τὴν
538 2530 583 2591 n,
603 2527 671 2581 oaldi
690 2525 760 2579 κατά
779 2517 832 2590 τάν
854 2527 927 2595 vulg.
1006 2528 1031 2579 5.
1048 2541 1085 2595 με
1105 2523 1223 2594 ἤρεσκεν
1239 2524 1278 2584 Β,
1297 2537 1352 2591 μοι

339 2596 440 2665 ἤρεσκε
456 2599 525 2666 vulg.
577 2598 602 2649 6.
619 2594 851 2669 κομψευσμάτιον
870 2598 899 2646 Β.
970 2599 994 2651 a
1018 2584 1153 2664 Δαφνικά
1177 2597 1223 2656 lt,
1250 2594 1350 2660 Intpr.;

337 2667 416 2725 male.
488 2685 526 2721 aa·
552 2666 652 2721 adreci
679 2667 741 2719 edd.
823 2668 860 2717 ιλ.
878 2660 983 2717 tactor
1003 2667 1041 2728 a,
1065 2661 1148 2721 ταδτδ
1167 2665 1238 2733 vulg.
1311 2660 1350 2729 ιδ.

337 2734 397 2793 ride
416 2738 444 2789 Ii.
515 2754 555 2791 aa·
573 2738 708 2809 θαμίζειν
724 2739 770 2801 a,
790 2733 950 2807 θαυμάζειν
966 2735 1036 2805 vulg

268 2867 330 2905 meo
348 2859 496 2921 reputans,
519 2851 699 2907 admiratione
716 2854 813 2922 dignor
829 2853 989 2917 censebam,
1006 2860 1036 2905 et
1057 2854 1087 2905 in
1103 2851 1245 2921 publicum
1261 2850 1348 2902 bene·

180 2964 183 2967 .
269 2925 333 2975 licor
355 2922 547 2987 celebrandos,
565 2932 702 2995 quotquot
719 2927 748 2976 in
768 2924 821 2975 hoc
830 2924 961 2976 historiae
978 2922 1137 2975 scribendae
1154 2924 1280 2973 instituto
1305 2921 1352 2970 la·

268 2992 405 3044 borarunt.
440 2992 512 3046 Mihi
538 3003 628 3049 autem
656 3010 831 3065 nequaquam
857 2994 1045 3062 concipiendae
1070 2993 1117 3044 lric
1139 2992 1233 3055 labor,
1251 2990 1300 3042 aed
1315 3004 1351 3039 ne

268 3060 415 3116 tenteudur
440 3062 551 3131 quidem
577 3064 657 3117 initio
685 3072 727 3117 ert
748 3066 830 3117 viror.
874 3066 952 3117 Eram
975 3067 1050 3116 enim
1072 3066 1156 3133 magis
1176 3064 1231 3112 iam
1248 3060 1314 3113 inde
1337 3075 1353 3108 a

269 3148 353 3201 puero
371 3133 488 3184 heroicia
510 3133 629 3185 modulis
648 3133 787 3197 addictur,
814 3142 843 3186 et
859 3136 1026 3203 poiticarum
1043 3133 1235 3201 elegantiarum
1256 3130 1352 3183 dulce-

268 3201 334 3254 dine
361 3220 525 3272 magnopere
548 3202 720 3270 delectabar3
743 3212 826 3275 atque
849 3204 918 3256 adeo
944 3205 1037 3255 brevia
1064 3203 1198 3271 quaedam
1224 3205 1353 3270 poemata

268 3271 433 3324 hexametris
450 3274 572 3327 vertibur
594 3275 760 3343 conscripsi,
779 3292 847 3344 quae
865 3268 1025 3344 Daphniaea
1043 3274 1151 3335 vocavi,
1169 3270 1270 3322 fabalia
1287 3268 1352 3339 qui-

265 3341 381 3395 busdam
398 3346 535 3398 amatoriis
552 3346 688 3413 variegata
706 3352 734 3395 et
750 3345 883 3396 eiusmodi
894 3344 1031 3397 illecebris
1042 3344 1151 3395 referta.
1177 3341 1270 3391 Viaum
1285 3354 1352 3390 vero

266 3412 336 3463 mihi
362 3412 416 3463 fuit
431 3414 514 3465 etiam
531 3413 583 3465 hoc
603 3415 684 3467 initio
703 3413 842 3468 laudabile
861 3422 890 3465 et
907 3432 963 3467 non
982 3413 1120 3481 inelegans
1140 3412 1305 3470 institutum,
1328 3407 1354 3458 ai

268 3498 337 3533 nova
356 3481 490 3549 quaedam
508 3486 685 3556 recentiaque
702 3486 908 3555 epigrammata,
927 3484 1065 3536 latitantia
1080 3482 1169 3534 adhue
1183 3481 1353 3549 aparaimque

266 3570 282 3605 a
307 3552 450 3603 nonnullis
475 3552 548 3614 lura,
575 3554 605 3605 in
623 3570 725 3615 unum,
750 3554 840 3625 quoad
858 3554 916 3606 eiua
935 3556 995 3607 lieri
1016 3559 1124 3622 portet,
1147 3551 1352 3619 recolligam,

267 3621 429 3692 ringulaque
449 3623 479 3673 in
498 3622 624 3677 ordinem
641 3622 756 3691 ‘digesta
780 3624 985 3675 conscriberem.
1028 3623 1111 3690 Quod
1136 3620 1248 3692 quidem
1269 3620 1354 3671 etiam

266 3692 390 3759 perfeci,
415 3701 447 3744 ut
465 3700 493 3745 ct
511 3695 566 3745 alia
579 3694 665 3746 multa
682 3695 905 3757 exercitamenta,
921 3712 978 3747 non
989 3693 1117 3745 utilitatis
1136 3708 1212 3760 ergo,
1231 3689 1279 3741 sed
1300 3687 1353 3739 ob-

267 3762 389 3813 lectandi
416 3762 624 3832 deliniendique
649 3764 733 3814 animi
762 3780 841 3816 causa
866 3783 882 3815 n
906 3780 949 3815 me
969 3765 1050 3817 faeta.
1085 3765 1134 3815 Est
1149 3763 1223 3813 enim
1240 3758 1352 3811 omnino

267 3847 341 3886 νουσα
360 3832 494 3901 quaedam
509 3842 538 3887 et
551 3833 643 3885 divina
659 3850 701 3884 rea
716 3835 818 3902 policia.
852 3834 986 3886 Asflantur
999 3834 1071 3885 euim
1086 3839 1160 3883 inea
1175 3831 1268 3883 divino
1281 3846 1354 3898 quo-

268 3899 331 3952 dam
349 3899 440 3955 furore
453 3904 554 3969 animi,
575 3912 607 3957 ut
622 3904 731 3973 rapient
751 3902 800 3955 ille
810 3905 886 3956 Plato
900 3904 986 3967 dixit,
1003 3902 1138 3972 valdeque
1153 3907 1265 3955 venuste
1288 3916 1354 3967 par-

267 3971 385 4031 turiunt,
404 3980 539 4042 quotquot
551 3975 686 4025 Moratum
699 3973 775 4043 pleni
790 3984 874 4045 atque
887 3973 939 4027 hoc
950 3976 1041 4026 surore
1057 3973 1175 4041 correpti
1187 3978 1258 4021 runt,
1281 3966 1354 4020 Mihi

268 4039 381 4110 quidem
396 4040 479 4108 igitur
499 4051 630 4096 statutum
649 4052 707 4096 erat
723 4047 754 4096 in
768 4042 812 4097 hir
827 4048 938 4108 vernari,
953 4062 1045 4116 noque
1058 4058 1178 4113 unquam
1188 4040 1218 4093 in
1231 4042 1354 4091 animum

267 4110 414 4174 iuducere,
434 4119 466 4163 ut
488 4110 618 4167 iuvenilia
640 4113 707 4167 hacc
728 4115 900 4186 iucundaque
922 4115 1013 4167 studia
1028 4114 1196 4174 detererem,
1215 4108 1266 4161 ced
1284 4108 1353 4158 Del-

267 4180 379 4255 phicum
393 4183 485 4256 potina
499 4186 697 4259 praercriptuna
711 4188 790 4257 aequi
809 4202 889 4241 rotor
907 4203 940 4240 τι
966 4199 1056 4242 iarun.
1086 4183 1154 4235 Cum
1181 4197 1245 4237 vero
1262 4185 1352 4239 “tait

1545 874 1547 1003 l
