3109 4950
324 333 403 416 262
463 393 468 402 -
767 348 977 426 tetruisu

182 529 212 580 λ.
224 526 252 578 c.
268 511 537 598 556προελθοόοαν
553 513 609 577 τοῦ
626 512 736 595 τόκου,
762 509 906 580 έκέλευόν
920 537 955 580 τε
968 505 1096 590 -αότούς
1114 513 1163 578 ἐπ’
1189 507 1269 600 αότῇ
1291 517 1407 604 προδτη

206 599 227 648 ¹·
238 598 260 650 ¹·
272 600 539 692 3θμαντεόεαθαι,
555 605 633 696 ἀπερ
647 601 744 698 ᾤοντο
762 615 995 698 ξυνενεχθήναι.
1010 607 1168 698 1οότοιγόιρ
1183 605 1303 696 ’όλίγαις
1312 607 1399 678 dors-

290 717 377 796 cpov
394 707 529 795 ἡμέραις
539 711 717 792 γνώσεσθαι
734 709 863 797 ἡγοῦντο
881 707 940 796 τήν
957 710 1133 799 πρόβρησιν
1149 713 1183 788 ές
1200 707 1227 791 δ’,
1246 737 1278 776 τι
1293 709 1398 798 χαρή-

320 832 379 889 σει,
410 808 511 896 ταότη
534 831 571 886 ,τε
597 808 731 887 εἰκάζειν
759 813 985 894 παραπλησίως
1007 809 1197 896 ε’κβήσεσθαι
1220 809 1276 875 καί
1297 809 1397 876 όπόσα

318 907 429 992 σφίσιν
443 904 499 970 ε’πί
509 908 548 991 τῇ
564 906 722 994 ἀνθρώπῳ
736 911 990 994 προαγορευθείη.
1012 905 1034 974 ἀ
1055 911 1114 991 μὲν
1137 903 1194 974 οὖν
1220 907 1328 981 αὐτοῖς
1345 907 1423 977 ε’τιίδ

317 1007 357 1092 τῇ
379 1006 463 1092 ίππιρ
477 1004 707 1087 μεμάντευται,
727 1007 785 1070 oda
803 1003 867 1089 ἔχοι
888 1010 999 1093 σαφῶς
1019 1006 1257 1094 ἀποφήνασθαι·
1278 1000 1315 1070 οό
1339 1006 1398 1092 γάρ

316 1126 373 1186 μοι
388 1099 425 1167 τό
445 1102 572 1188 ἀκριβὲς
594 1105 705 1168 τούτου
732 1128 767 1188 γε
795 1107 868 1191 πέρι
889 1104 1088 1190 ἀπήγγελται·
1103 1103 1192 1190 ’πλήν
1221 1106 1292 1170 ἀλλ’
1319 1100 1410 1175 οότω,

316 1207 433 1269 ἕκαστα
450 1194 582 1288 προόβη,Ι
604 1196 688 1280 όπας
708 1203 835 1280 ἐκείνοις
853 1200 1020 1288 ἐτύγχανεν
1040 1205 1196 1290 εἰρημένα
1218 1203 1342 1289 γνόντες
1365 1203 1400 1268 δὲ

316 1301 442 1365 ε’νθένδε
464 1299 493 1363 οἱ
509 1291 606 1382 ditos,
628 1301 671 1378 τός
695 1294 774 1385 όγαν
795 1311 861 1379 τοῖς
879 1299 991 1387 μάγοις
1002 1304 1188 1388 διηκριβατο
1217 1300 1257 1368 τά
1278 1306 1333 1388 τῆς
1350 1305 1407 1368 τέ·-

314 1423 402 1485 χνης,
423 1392 619 1484 προέτρεπον
629 1399 685 1466 καί
695 1401 749 1469 ε’πί
761 1405 803 1490 τῷ
811 1404 937 1492 γυναίῳ,
957 1395 1034 1466 datu
1046 1399 1178 1467 ἔσεσθαι
1192 1409 1303 1486 γνοῖεν,
1320 1402 1438 1481 disi-so

316 1501 417 1564 ιέναι.
445 1501 509 1564 τοῖν
527 1501 562 1564 δὲ
587 1497 755 1586 φησόντων
772 1495 890 1588 ἄρρενα
912 1503 1010 1566 παῖδα
1025 1503 1254 1586 τεχθήσεσθαι,
1280 1501 1338 1566 οόκ
1354 1499 1402 1566 ἔτι

280 1600 506 1684 Βέμέλλησαν,
529 1596 609 1664 ἀλλά
637 1602 678 1686 τῇ
690 1599 806 1686 γαστρί
829 1603 1007 1687 περιθέντες
1029 1597 1086 1686 τήν
1108 1601 1250 1686 κίδαριν,
1279 1595 1402 1666 ἀνεῖπον

314 1700 455 1783 βασιλέα.
477 1696 512 1764 τό
532 1694 679 1784 ἔμβρυον·
699 1696 832 1780 όνόματί
853 1723 888 1764 τε
914 1700 1083 1786 ἀπέκριναν
1108 1696 1144 1764 τό
1166 1692 1239 1785 ἀρτι
1263 1703 1403 1764 ἐκτοπω-

314 1799 373 1865 θὲν
393 1795 448 1862 καί
464 1799 729 1881 διαργανωμένον,
749 1797 784 1874 ἐς
800 1792 880 1880 ὅσον,
910 1792 1008 1880 οἶμαι,
1030 1797 1165 1886 διᾴττειν
1186 1797 1277 1863 ἔνδον
1297 1798 1402 1884 ἠρέμα

315 1894 372 1962 καί
383 1895 631 1964 ἀποπάλλεσθαι.
652 1890 738 1962 edroi
759 1899 794 1962 δὲ
818 1894 853 1960 τό
882 1897 1010 1987 ἀφανὲςΙ
1026 1899 1064 1985 τῇ
1091 1895 1187 1984 φόσει
1212 1896 1268 1962 καί
1286 1889 1439 1983 ἀδηλονιό

314 1997 349 2074 ἒς
362 1990 398 2058 τό
418 1995 549 2077 βέβαιόν
567 2018 602 2059 τε
616 1997 672 2060 καί
684 1989 958 2080 ἀναμολογημένον
973 1997 1012 2082 τῇ
1029 1994 1152 2080 δοκήσει
1161 1993 1400 2079 μεταλαβόντες,

314 2086 397 2175 ὅμως
424 2087 463 2156 od
482 2091 657 2181 διήμαρτον
680 2097 738 2180 τῆς
753 2093 896 2176 ἐλπίδος,
926 2089 1005 2160 ἀλλὰ
1018 2096 1080 2160 ,καί
1104 2093 1177 2161 λίαν
1201 2093 1319 2178 ἔτυχον
1339 2101 1400 2160 τοῦ

314 2194 443 2275 σκοποῦ,
460 2196 561 2280 πολλῷ
579 2197 673 2259 πλέον
690 2195 752 2259 τοῖν
768 2194 975 2278 δοκηθέντων.
995 2192 1132 2259 τίκτεται
1147 2193 1206 2281 γόρ
1227 2194 1284 2259 osis
1294 2195 1401 2276 ε’ςμα-

313 2288 393 2377 κρόν
412 2288 430 2356 ό
446 2290 599 2377 Σαβιόρης
612 2293 673 2359 σόν
691 2296 730 2382 τῇ
748 2291 910 2383 βασιλεία,
929 2293 1065 2373 ἐννεάζει
1085 2317 1120 2357 τε
1138 2287 1216 2381 αὐτῇ
1237 2292 1292 2357 καί
1311 2297 1401 2380 ἐγγη-

313 2390 433 2478 ρόσκει,
452 2393 498 2468 εἰς
509 2387 722 2480 ἑβδομήκοντα
740 2393 829 2480 adripi
843 2390 897 2477 ἔτη
915 2394 1136 2468 διανυσθέντος
1150 2395 1209 2456 τοῦ
1225 2391 1307 2476 βίου.
1318 2389 1441 2457 sutrino

313 2492 351 2555 δέ
372 2489 428 2556 τόν
452 2490 603 2577 τέταρτόν
626 2517 661 2557 τε
679 2491 736 2557 καί
753 2489 891 2557 εἰκοστόν
919 2493 975 2576 τῆς
997 2495 1092 2558 τοῦδε
1120 2492 1224 2577 ἀρχῆς
1257 2490 1402 2558 ἐνιαυτόν

315 2588 444 2674 Νιλτιβις
462 2586 482 2673 ἦ
497 2587 584 2668 πόλις
601 2588 666 2655 όπό
686 2594 820 2675 Πέρσας
838 2591 1019 2675 γεγένηται,
1038 2590 1210 2673 Ῥωμαίων
1227 2594 1287 2672 μὲν
1302 2590 1402 2655 πάλαι

383 2731 585 2805 ηδιηκρίμωτο
604 2732 644 2796 n,
661 2728 843 2800 διηκρίβωται
861 2730 932 2801 vulg.
971 2750 1009 2785 ro.
1027 2729 1222 2801 προῦπεμπον
1240 2734 1401 2802 Itetlntpr.

382 2804 593 2873 praemiserunt.
699 2819 742 2872 ¹9·
759 2799 893 2871 Σαβιόρης
910 2804 940 2853 R.
961 2800 988 2855 h.
1007 2802 1024 2853 i.
1038 2810 1070 2869 et
1086 2802 1166 2866 infra,
1184 2800 1313 2873 Σαβόρης
1329 2804 1399 2874 vulg.

353 2882 415 2926 ‚et
430 2872 515 2941 lntpr.
534 2872 663 2925 Saborcs.
734 2870 964 2937 astruente
1336 2911 1339 2917 .

215 3012 221 3022 ·
315 3006 450 3072 suntque,
467 3004 499 3050 ut
516 2997 588 3069 mugi
604 2996 640 3049 de
658 2995 710 3049 hac
726 2997 801 3067 prius
820 2997 1043 3062 vaticinarentur,
1062 2996 1137 3069 quod
1152 2998 1275 3054 futurum
1302 3016 1400 3051 cense-

314 3072 397 3127 bant.
431 3071 473 3122 Ita
493 3070 566 3121 enim
586 3068 678 3137 paucis
700 3077 765 3137 post
790 3067 887 3120 diebus
914 3070 1067 3137 cognituros
1094 3086 1123 3119 se
1151 3070 1315 3133 credebant,
1343 3087 1400 3139 quo

314 3142 426 3193 illorum
443 3137 578 3193 divinatio
595 3138 739 3203 evaderet,
756 3147 839 3210 atque
857 3136 922 3189 hinc
940 3139 1110 3205 collecturos,
1129 3141 1246 3196 similem
1272 3149 1401 3192 eventurn

313 3211 443 3263 habituro
460 3212 544 3276 etiarn
556 3226 626 3279 qnae
646 3209 680 3261 de
688 3209 800 3261 homine
823 3207 1052 3275 praedicerentur,
1090 3209 1165 3278 Quid
1175 3220 1266 3261 autem
1279 3209 1313 3285 de
1328 3226 1400 3280 equa

315 3279 488 3344 divinarint,
510 3279 583 3332 nihil
599 3279 706 3350 liquido
732 3282 834 3348 possim
856 3279 1009 3343 affirmare,
1028 3296 1117 3349 neque
1140 3282 1213 3332 enirn
1239 3280 1307 3331 mihi
1330 3280 1401 3332 certi

315 3353 380 3421 quic
400 3368 463 3402 uam
479 3368 511 3402 ea
535 3350 569 3401 de
586 3367 615 3402 re
634 3358 675 3401 est
691 3352 895 3420 renuntiatum,
914 3357 1033 3401 ceterum
1058 3351 1097 3402 ita
1116 3350 1222 3419 singula
1240 3359 1402 3412 evenerunt,

314 3429 347 3472 ut
370 3372 414 3473 idi
440 3420 638 3490 praedixerant
673 3420 742 3473 Cum
772 3422 865 3494 itaque
894 3435 928 3471 ex
945 3436 976 3471 ea
994 3436 1022 3471 re
1044 3419 1129 3471 ceteri
1161 3422 1280 3483 scirent,
1305 3437 1402 3490 magos

314 3491 484 3546 vaticinandi
513 3500 598 3543 artem
618 3492 722 3560 optime
747 3491 861 3554 callere,
884 3498 1064 3558 provocarunt
1085 3500 1267 3560 rogaruntque
1290 3508 1345 3555 eos,
1371 3498 1404 3541 ut

316 3563 398 3613 etiarn
421 3561 455 3613 de
478 3563 608 3622 muliere,
625 3578 695 3632 quae
718 3562 810 3615 futura
827 3568 956 3623 nossent,
977 3559 1152 3628 explicarent
1188 3560 1245 3630 Qui
1273 3578 1335 3612 cum
1354 3578 1403 3613 re·

316 3632 489 3700 sponderent,
506 3631 652 3683 masculam
674 3631 780 3699 prolem
807 3631 977 3699 parituram,
1000 3629 1071 3682 nihii
1091 3631 1163 3681 ultra
1189 3634 1289 3682 morati
1316 3638 1403 3693 sunt,

316 3702 365 3755 sed
383 3702 468 3755 cidari
490 3711 567 3753 utero
589 3702 731 3769 imposita,
748 3697 888 3767 embr'yum
909 3717 998 3769 regern
1016 3703 1246 3768 pronuntiarunt,
1272 3702 1404 3755 nomine·

317 3788 371 3839 que
390 3774 571 3841 insignierunt
587 3771 693 3823 foetum
715 3781 838 3824 recenter
862 3772 1029 3821 efformatum
1054 3778 1136 3840 atque
1162 3771 1199 3823 ita
1225 3771 1401 3833 animatum,

316 3840 441 3905 arbitror,
462 3853 494 3894 ut
517 3843 592 3894 intus
620 3841 762 3911 paululum
784 3848 938 3893 moveretur
955 3849 983 3891 et
1008 3840 1213 3909 subpaipitnret
1258 3844 1299 3893 tu
1324 3858 1402 3903 vero,

317 3910 392 3980 quod
421 3922 515 3963 natura
537 3912 681 3964 obscurum
708 3913 896 3982 incertumque
919 3918 985 3973 erat,
1013 3928 1062 3979 pro
1085 3920 1158 3963 certo
1183 3909 1401 3982 indubitatoque

317 3980 447 4048 opinione
465 3984 719 4053 exspectatioueque
742 3982 995 4051 apprehendentes,
1016 3998 1072 4031 non
1085 3981 1208 4033 frustrati
1227 3992 1291 4033 suut
1305 3990 1403 4035 tamen

317 4068 366 4102 sun
390 4067 452 4119 spe,
475 4052 568 4105 sedet
589 4054 713 4122 amplius,
736 4070 817 4123 quam
843 4052 949 4119 opinati
967 4058 1057 4114 erant,
1073 4060 1137 4103 sunt
1156 4053 1304 4105 consecuti.
1341 4051 1401 4103 Ns-

317 4122 402 4175 seitur
419 4122 492 4172 enirn
513 4140 569 4174 non
587 4124 673 4176 multo
693 4131 755 4190 post
774 4122 890 4175 Sabores
912 4136 972 4173 cum
996 4138 1095 4191 regno,
1115 4123 1200 4193 inque
1224 4139 1257 4175 eo
1283 4131 1312 4174 ct
1329 4120 1402 4173 ndo·

317 4188 397 4243 lescit
412 4198 441 4242 et
457 4192 591 4254 senescit,
609 4191 741 4259 perducta
759 4192 795 4245 ad
812 4208 898 4245 annos
915 4208 1002 4261 usquc
1019 4194 1190 4261 septuaginta
1204 4192 1269 4244 vita.
1305 4192 1403 4261 Quar-

318 4265 347 4313 to
365 4271 455 4323 autern
469 4269 498 4315 et
512 4262 640 4330 vigesimo
663 4262 740 4331 regni
757 4262 801 4315 sui
820 4278 909 4325 nuno,
927 4260 1031 4316 Nisibis
1049 4260 1113 4316 urbs
1133 4264 1164 4318 in
1181 4262 1320 4317 Persarum
1341 4277 1403 4333 po-
