3109 4950
536 317 818 382 ursuonuuuu
848 324 873 382 1.
895 326 923 393 7.
1224 325 1278 407 29

200 473 296 558 μηδὲν
315 493 347 534 τι
369 461 449 532 εἶναι
471 465 507 530 τό
525 465 679 555 ἡδόμενον
701 472 820 550 βωμοῖς
843 469 954 549 αἵματι
973 473 1205 553 μιαινομένοις,
1223 469 1314 538 soil.
1326 482 1355 532 c.
1369 479 1420 534 εει

201 569 426 654 ζιόωνόλέθριρ
440 564 627 654 βιαιοτάτῳ·
653 569 684 630 εἰ
703 568 739 630 δέ
756 590 792 650 γε
812 558 876 652 άρα
900 569 956 632 καί
980 565 1087 634 ότιοῦν
1109 567 1148 634 τά
1166 554 1388 648 τοιάδιΗ”“6Ι

199 669 387 752 προσιεσθαι
401 665 548 750 πέφυκεν,
562 659 683 747 άγαθόν
695 668 754 746 μὲν
767 665 825 729 οόκ
836 660 877 731 άν
894 663 943 750 εἴη
959 666 1036 730 οὐδὲ
1048 664 1172 752 ἥμερον,
1187 661 1278 754 άγρι-

200 789 235 830 ον
254 765 291 829 δέ
305 788 337 827 τι
353 761 429 837 ἴσως
447 761 502 825 καί
516 765 688 844 μανιῶδες,
705 762 812 829 όποῖον
834 761 889 828 τόν
906 771 1023 846 Δεῖμον
1044 761 1277 830 ἀναπλάττουσι

181 862 301 947 5μάτην
330 861 361 926 οἱ
378 865 505 946 ποιηταί
522 860 577 926 καί
597 860 651 928 τόν
674 861 792 944 Φόβον,
808 858 905 929 ’Eueni
926 866 960 929 τέ
981 887 1068 941 τινα,
1094 867 1150 927 καί
1167 857 1276 948 Ἄτην,

181 960 257 1024 ’καί
276 953 383 1045 Ἔριν,
412 959 455 1036 ιός
480 953 520 1024 άν
544 961 639 1024 αότοί
654 969 765 1046 φαῖεν,
785 958 842 1045 τόν
862 958 1087 1043 άμαιμάκετον·
1113 962 1277 1048 προστίθει

202 1061 238 1124 δέ
258 1059 389 1140 τούτοις,
409 1061 439 1122 εἰ
450 1059 567 1141 βούλει,
588 1061 643 1123 καί
658 1057 713 1124 τόν
724 1058 810 1145 παρά
820 1063 964 1145 Πέρσαις
974 1060 1162 1141 καλούμενον
1170 1055 1277 1145 'Apes-

203 1157 320 1244 μάνην,
353 1160 408 1221 καί
431 1160 494 1221 τῶν
513 1149 616 1221 άλλων
639 1157 777 1238 χθονίων
800 1158 973 1244 φασμάτων
995 1157 1096 1222 όπόσα
1119 1163 1304 1242 κακοῦργοι)

204 1256 258 1320 καί
271 1254 436 1342 μιαιφόνα.
452 1257 549 1320 ταῦτα
567 1257 625 1336 μὲν
641 1249 698 1320 οόν
714 1258 744 1320 εἰ
761 1255 902 1333 καίίσως
912 1249 950 1320 άν
961 1281 1003 1344 τιρ
1014 1259 1133 1322 δοκοῖεν
1145 1251 1182 1320 οό
1192 1255 1280 1338 μάλα

166 1359 242 1442 τοτῇ
264 1353 430 1442 ἐπαγγελίᾳ
452 1353 632 1439 προσήκειν,
660 1350 740 1420 εἶναι
759 1357 797 1418 δὲ
821 1353 953 1441 περιττά
973 1352 1028 1418 καί
1047 1354 1199 1440 άλλότρια
1217 1358 1280 1419 τῶν

170 1491 173 1498 ·
205 1456 259 1540 ἐφ’
275 1449 297 1518 ά
314 1455 392 1517 ἰέναι
415 1450 488 1536 ἡμῖν
510 1450 753 1518 διεσπούδασται
761 1505 771 1534 ,
793 1453 864 1517 ἄλλ’
877 1452 983 1536 ἔμοιγε
999 1451 1053 1517 καί
1068 1453 1139 1517 λίαν
1152 1447 1282 1538 άρέσκει

206 1545 332 1615 ἅπαντα
350 1552 382 1626 ές
396 1553 492 1632 μέσον
511 1543 598 1632 άγειν
613 1547 653 1614 τά
675 1554 852 1633 ἐγνωσμένα
857 1603 867 1633 ,
890 1553 945 1615 καί
957 1550 997 1616 τά
1014 1553 1073 1632 μέν
1084 1549 1206 1636 χρηστά
1219 1553 1281 1616 τάν
1334 1615 1339 1622 ,

206 1649 398 1734 πραγμάτων
413 1651 447 1714 ἐν
468 1650 585 1738 ἐπαίνῳ
605 1655 784 1730 ποιεῖσθαι,
804 1655 868 1715 ταῖν
885 1653 921 1715 δὲ
944 1652 1021 1733 οόχί
1041 1651 1170 1715 τοιάνδε
1186 1674 1282 1734 κατη-

204 1755 308 1832 γορεῖν
330 1741 515 1834 άναφανδόν
527 1799 537 1829 ,
570 1751 624 1814 καί
648 1747 683 1814 τό
708 1743 893 1836 άσόμφορον
911 1753 1091 1832 διελέγχειν.
1115 1751 1148 1813 εἰ
1158 1746 1216 1835 γάρ
1236 1745 1280 1832 μὴ

170 1849 295 1914 τότοίπο
311 1844 413 1928 ἔχοιεν
436 1844 471 1910 τά
487 1844 645 1928 ἱστορίαι,
672 1843 715 1922 αἱς
740 1851 835 1934 worp
853 1873 888 1932 γε
907 1851 962 1912 καί
988 1852 1106 1929 μάλλον
1131 1843 1288 1931 χρήσιμοί

209 1967 243 2007 τε
260 1939 404 2008 εἶναικαὶ
419 1949 675 2030 βιωφελεστατσι,
696 1944 774 2030 μόνη
787 1949 822 2010 δὲ
843 1948 999 2032 ἀφήγησις
1017 1941 1150 2011 ιῖεντάν
1160 1969 1283 2030 γεγενη-

208 2047 313 2124 μένων
335 2043 418 2126 άπλῆ
431 2068 463 2108 τε
485 2048 541 2107 καί
558 2045 774 2126 άνεξέταστος,
805 2045 1036 2110 κινδανιόσαιεν
1054 2042 1132 2118 ἴσως
1153 2037 1193 2108 άν
1208 2048 1319 2125 παρ’ρ,
1333 2071 1368 2134 19

208 2141 313 2222 ε’νίοις,
333 2143 364 2205 εἰ
374 2139 418 2225 μή
441 2142 511 2207 λίαν
526 2140 628 2208 δεινόν
648 2145 763 2226 εἰπεῖν,
784 2139 823 2206 οό
841 2146 943 2231 πολλῷ
963 2139 1046 2207 εἶναι
1063 2137 1213 2228 άμείνονς
1228 2142 1290 2206 ταῖν

204 2241 247 2306 έν,
260 2242 493 2322 γοναικωνιτιδι
507 2238 592 2326 παρά
624 2238 683 2326 τὴν
705 2244 858 2307 ταλασάιν
876 2243 1038 2328 ᾀδομένων
1061 2240 1284 2322 μυθολογημά-

167 2359 281 2402 οοτων.
320 2339 437 2402 τούτων
452 2343 511 2421 μέν
531 2333 589 2404 σόν
604 2343 682 2427 πέρι.
703 2337 790 2425 οόςπη
815 2338 935 2428 ἑκάστῳ
952 2339 1045 2426 φιλον
1059 2330 1132 2426 τῇδε
1150 2339 1283 2418 οἰέσθω,

208 2437 281 2518 έμοί
298 2439 334 2501 δὲ
354 2427 431 2533 ᾗπερ
450 2437 468 2503 ό
490 2438 635 2527 πρότερος
653 2440 783 2527 ἐφέρετο
800 2439 907 2523 λόγος,
926 2434 1024 2525 vairp
1042 2437 1123 2503 ι’τέα.
1149 2433 1284 2519 Aenia-

276 2574 301 2628 8.
320 2572 515 2642 sosoipyall„
536 2576 584 2625 καλ
598 2576 742 2645 κακοῦργα
755 2576 825 2645 vulg,
876 2594 902 2644 9,
921 2574 947 2625 et
964 2591 1015 2626 om.
1028 2576 1057 2625 n
1101 2572 1164 2625 Post
1175 2572 1212 2640 τῷ
1230 2573 1284 2623 ite·

274 2650 319 2695 rat
337 2647 384 2693 καὶ
403 2643 474 2712 vulg.
534 2643 644 2696 δοκοῖεν
664 2648 709 2709 tt,
735 2642 844 2697 δοκεῖεν
865 2647 935 2695 τιιΙ.Ι
999 2646 1039 2713 ι4.
1059 2644 1085 2694 εἰ
1102 2639 1159 2712 γάρ
1179 2642 1235 2713 μὲν
1253 2644 1284 2699 R.

281 2716 320 2769 15.
337 2712 422 2783 ταύτῃ
441 2728 470 2763 τε
488 2714 527 2775 R„
545 2718 628 2783 lntpr.
647 2716 725 2767 adl:
742 2715 795 2768 hoc
813 2714 892 2769 modo
905 2664 1066 2767 (livariacae
1086 2714 1283 2785 (πεποικιλμέ-

278 2782 344 2852 ναν).
420 2800 460 2851 ¹7·
480 2782 758 2850 κινδυνεύσαιενῦλ,
778 2786 991 2840 κινδυνεύσειεν
1006 2786 1078 2905 mlii
1097 2792 1126 2837 et
1142 2786 1171 2834 R.
1244 2786 1284 2839 18.

282 2852 369 2937 {vtato
389 2854 418 2905 R.
494 2872 533 2925 ¹9·
553 2854 631 2923 ἐντῇ
650 2872 712 2923 γαν.
733 2856 803 2925 vulg.
881 2874 923 2909 no.
942 2855 1085 2925 ὥσπερ.
1162 2850 1284 2924 τῇδεέλ,

282 2920 336 2972 ωδε
351 2922 420 2991 vulg.
493 2942 534 2977 ar.
556 2924 673 2995 ἐφέρετο
694 2922 778 2994 λόγος
796 2928 836 2989 lt,
853 2925 937 2995 λόγος
953 2925 1071 2996 ἐφέρετο
1081 2924 1151 2993 vulg,

210 3025 282 3077 nihil
306 3024 418 3077 iucundi
443 3026 565 3080 accidere
588 3030 640 3079 aris
660 3028 789 3097 sanguine
805 3028 935 3095 pollutIs,
953 3035 981 3078 et
997 3026 1160 3077 animalibus
1177 3026 1284 3076 violen-

206 3099 312 3149 tissima
328 3112 396 3148 nece
414 3099 524 3147 affectis.
561 3098 705 3169 Quidquid
722 3115 786 3149 vero
805 3099 915 3148 omnino
938 3094 1093 3148 huiusmodi
1113 3112 1155 3145 res
1171 3103 1284 3161 appete·

202 3169 412 3229 recensuerit,
430 3167 533 3219 bonnm
552 3166 663 3237 quidem
680 3186 736 3219 uon
754 3169 853 3229 suerit,
870 3184 961 3235 neque
978 3166 1141 3234 benignum,
1167 3164 1215 3215 sed
1231 3166 1284 3213 im-

211 3240 390 3306 manepotiur
408 3245 490 3306 atque
507 3237 630 3289 insaniae
654 3238 748 3301 affine,
765 3240 846 3307 quale
864 3240 990 3289 Pavorem
1008 3252 1076 3289 vane
1092 3235 1198 3302 fingunt
1216 3240 1285 3299 pot}-

206 3314 255 3357 'tae
273 3316 301 3357 ct
324 3308 459 3358 Timorem
485 3315 513 3358 et
529 3308 604 3375 Enyo
628 3308 763 3379 quandam
789 3316 817 3358 et
834 3306 904 3358 Aten
927 3315 955 3357 et
971 3306 1063 3367 Eridu,
1086 3313 1118 3355 ut
1136 3306 1188 3372 ipsi
1207 3302 1286 3355 dixe-

214 3378 269 3427 rint
295 3376 501 3447 δμαιμάκετον.
547 3378 624 3429 Adde
652 3395 714 3428 vero
743 3378 801 3438 his,
823 3380 846 3427 si
864 3378 968 3444 placet,
996 3378 1077 3427 stiam
1102 3375 1181 3425 illum
1204 3389 1285 3443 quem

215 3447 306 3498 Persae
321 3448 640 3509 nominantrlrirnanem‚
660 3456 687 3499 et
705 3464 719 3499 e
737 3448 852 3498 terrenis
870 3447 981 3514 spectris
997 3458 1182 3529 quaecumque
1200 3444 1286 3493 male·

216 3516 265 3565 fica
283 3526 346 3568 suut
363 3527 391 3571 ct
408 3519 589 3587 sanguinariae
624 3518 706 3589 Atqui
724 3517 792 3569 haec
808 3517 915 3569 tametsi
939 3518 1058 3585 cuipram
1076 3515 1164 3567 videri
1181 3514 1287 3580 possint

214 3589 387 3657 promissioni
405 3604 481 3639 mese
500 3604 669 3659 nequaquam
681 3590 840 3650 convenire,
858 3586 906 3639 scd
923 3590 1014 3656 potius
1031 3600 1225 3653 supervacanea
1241 3591 1286 3633 at·
1381 3643 1384 3658 Ι

214 3672 269 3725 que
288 3656 321 3707 ab
339 3661 466 3710 instituto
485 3674 545 3709 meo
564 3660 670 3709 aliena:
688 3660 762 3709 iuvat
779 3664 870 3709 tamen
887 3674 930 3708 me
945 3665 987 3718 et,
1027 3656 1099 3707 idem
1114 3670 1286 3723 magnopere,

214 3726 321 3789 omnia,
346 3746 414 3799 quac
438 3728 545 3797 cognita
562 3727 629 3779 mihi
648 3736 728 3790 suut„
755 3729 784 3779 iu
803 3726 924 3779 medium
941 3744 990 3795 pro
1003 3744 1077 3787 erre,
1095 3732 1124 3775 et
1140 3733 1211 3775 recta
1229 3724 1286 3775 col-

212 3795 342 3859 laudare,
385 3815 446 3849 rava
466 3806 558 3867 aperte
586 3797 711 3849 damnare
723 3832 731 3861 ,
757 3799 867 3850 inutilia
882 3812 1034 3865 coarguere.
1068 3794 1128 3846 Nisi
1145 3796 1218 3845 cuim
1234 3794 1287 3845 hoc

212 3864 347 3919 habereut
365 3817 504 3931 Historiae,
522 3876 553 3919 ut
572 3867 622 3920 hac
641 3871 720 3920 etiam
739 3884 772 3920 ex
789 3878 866 3937 parte
879 3875 907 3918 et
918 3864 1029 3935 quidem
1040 3865 1184 3933 praecipue
1204 3866 1286 3917 utiles

211 3934 404 4009 humanaeque
421 3939 495 3990 ritae
511 3938 695 3991 conducibiles
714 3946 820 4002 esseut;
840 3938 888 3989 sed
906 3938 963 3987 sols
979 3944 1211 4003 rerumgestarum
1227 3952 1288 3986 nauv

212 4006 320 4057 ratione
338 4025 425 4079 caque
443 4008 559 4076 simplici
576 4010 742 4077 minimeque
762 4015 886 4058 accurata
901 4012 1069 4057 constarent:
1087 4006 1118 4057 in
1136 4006 1289 4073 periculum

212 4078 431 4146 venirent‘apud
449 4078 612 4139 nonnullos,
630 4092 666 4128 ne
682 4077 747 4146 (nisi
763 4076 817 4127 hoc
833 4092 958 4145 asperum
973 4076 1049 4127 dictu
1068 4076 1116 4145 sit)
1129 4092 1184 4125 non
1201 4074 1287 4124 multo

187 4156 188 4161 ’
213 4142 343 4198 meliores
359 4157 534 4201 censerentur
550 4146 666 4209 fabulis,
683 4162 751 4216 qnae
769 4147 800 4197 in
817 4145 938 4199 coetibus
952 4145 1132 4199 muliebribus
1150 4146 1179 4193 in
1196 4142 1288 4192 lanili‘-

202 4215 258 4269 'elo
275 4215 459 4273 decantantur.
473 4249 477 4258 ι
495 4220 536 4275 D‘e
549 4218 598 4273 his
615 4218 710 4287 itaque
735 4217 852 4289 quisque
866 4224 898 4269 ut
913 4218 980 4272 velit
995 4220 1112 4281 sentim
1138 4212 1207 4264 mihi
1224 4224 1287 4266 vero
