3109 4950
211 591 283 670 na
315 594 435 672 vua
478 579 746 684 aurnuns,
791 592 1004 694 uusQun
1043 591 1194 677 monn

529 749 879 828 fflsroauauns

245 939 399 1024 Agathias
417 947 570 1002 natusest
585 935 729 1022 Myrinae
743 941 774 1018 ¹)
795 938 828 1000 in
838 939 973 1012 Aeolide
986 941 1096 1006 Asines
1109 944 1143 1022 ²)
1156 953 1245 1028 putre

165 1038 370 1118 Memnonio,
395 1037 525 1101 rhetore
550 1037 599 1116 θ),
630 1046 729 1100 matre
752 1037 918 1117 Periclea,
946 1049 1091 1102 matrona
1109 1045 1245 1121 ,sancus

165 1140 260 1216 sima,
288 1157 385 1221 quarn
407 1135 543 1199 triennis
566 1136 671 1198 amisit
685 1137 728 1215 λ).
769 1138 857 1200 Haec
877 1159 977 1221 quum
1000 1151 1123 1202 mortua
1140 1163 1179 1204 ac
1193 1165 1247 1206 re*

164 1238 250 1322 pulta
277 1237 322 1299 sit
344 1235 643 1320 Constantinopoli,
677 1236 833 1299 credibile
863 1244 913 1300 est
934 1245 1057 1319 patrem
1082 1259 1150 1301 sese
1166 1239 1247 1302 illuc

164 1337 196 1396 in
216 1337 329 1398 urbem
347 1335 470 1418 regiam
488 1334 680 1412 contulisse,
704 1334 744 1397 ad
766 1355 862 1418 quarn
886 1334 1032 1418 undiquc
1051 1357 1093 1400 ex
1111 1338 1245 1419 provin·

163 1435 221 1498 ciis
249 1433 354 1516 graeci
378 1434 534 1495 sermonis
561 1433 768 1496 confluebant
786 1433 843 1516 qui
866 1433 1032 1496 doctrinae
1050 1434 1246 1518 ingenioque

165 1533 371 1597 confiderent.
412 1532 553 1594 Fratrem
567 1530 680 1592 hahuit
696 1533 801 1592 virum
817 1531 1019 1610 honoratum,
1037 1531 1128 1596 cuius
1139 1542 1247 1596 umen

164 1653 279 1693 nomen
298 1631 479 1714 ignoramus
494 1631 542 1707 ὅ)ε
571 1649 713 1691 sororem
730 1629 924 1712 Eugenium,
947 1630 1073 1693 doctam
1090 1632 1245 1716 puellm,

161 1729 302 1792 discordi
317 1727 523 1792 matrimonio
545 1749 618 1790 cnm
633 1727 802 1790 Theodoto
821 1731 961 1811 quodem
979 1730 1183 1792 coniunctam
1199 1727 1245 1808 ⁶).

160 1829 339 1912 Agathiam,
361 1828 537 1911 penultima
553 1827 674 1912 syllaba
688 1837 845 1912 correpta,
866 1849 926 1890 noa
941 1849 1106 1902 vocamen
1128 1829 1246 1892 Graeci

161 1928 250 1989 idem
272 1933 408 2004 nomeu,
439 1947 498 2010 pro
522 1935 673 1990 accentus
695 1927 840 2006 ratione,
866 1928 1034 2011 Agathinus
1056 1929 1245 2012 proterunts

161 2027 262 2108 idque
285 2047 360 2087 eum
381 2025 500 2108 ipsum,
531 2035 718 2109 ceterosque
739 2027 827 2097 illius
846 2029 914 2089 aeri
931 2028 1089 2107 homiues,
1113 2026 1242 2104 iecisse,

160 2119 202 2186 ita
227 2133 265 2184 ut
287 2123 464 2208 penultima
490 2124 583 2206 longa
606 2133 793 2202 uterentur,
823 2126 984 2210 exipsius
1010 2126 1246 2209 epigrammatis

161 2231 290 2308 apparet
309 2225 348 2302 ⁷).
388 2222 578 2305 Discipliuis
602 2222 800 2300 litterarum,
832 2245 928 2305 quas,
948 2225 1005 2307 qui
1026 2224 1152 2285 liberali
1173 2224 1247 2286 aui-

160 2344 211 2382 mo
226 2329 345 2399 essent,
367 2320 587 2405 percipiebant
612 2329 784 2402 antequam
802 2343 835 2382 se
853 2322 894 2382 ad
915 2323 1023 2403 legum
1034 2322 1246 2382 Romanarum

158 2420 296 2481 studium
314 2427 552 2498 converterent,
572 2418 789 2483 Alexandriae
802 2418 939 2482 studuits
951 2417 1147 2482 ‘undecune
1158 2419 1242 2498 554,

161 2518 327 2583 Iustiniani
349 2518 504 2604 vigesimo
524 2528 653 2598 octavo,
675 2528 748 2604 post
765 2518 956 2583 horribilem
977 2528 1242 2595 terraemotum,

197 2664 976 2795 taum·tnsasallsuessanensis
989 2670 1243 2812 litantis

226 2782 379 2864 vocatur’in
392 2761 558 2881 luthologia
574 2813 700 2865 Palatina.
781 2815 811 2879 3)
828 2815 949 2865 Prooem.
966 2813 985 2864 l.
1006 2831 1027 2865 c
1048 2840 1078 2855 ··
1100 2813 1243 2881 Epigram-

229 2900 271 2933 ma
294 2880 434 2935 Michaelii
459 2884 533 2935 iuter
554 2885 717 2936 testimonia.
787 2884 816 2952 4)
833 2884 924 2952 Epign
944 2883 985 2951 43.
1057 2884 1085 2953 5)
1105 2882 1242 2934 Ei-simul

230 2970 288 3003 cum
316 2960 394 3023 patre
418 2959 446 3003 at
465 2969 499 3003 ue
528 2951 642 3021 Agathiu
671 2954 753 3006 fratre
775 2961 890 3005 sutram
934 2961 1067 3005 osuerunt
1088 2952 1240 3020 Myrinaci':

228 3024 316 3092 Epigr.
340 2970 490 3073 Michaelii.
560 3023 589 3093 6)
609 3024 697 3093 Epigr.
719 3026 760 3077 53.
781 3022 823 3091 hi.
895 2971 1029 3093 plEpigr·
1048 3027 1092 3077 36.

295 3092 473 3163 Δαφνιακῶν
487 3091 590 3160 βίβλων
605 3091 748 3163 ’Apsaros
764 3090 863 3151 ἐννεάς
879 3094 988 3164 εἰμι-

230 3163 279 3213 Ei
310 3201 316 3214 .
355 3182 376 3215 a.

251 3180 383 3285 ΡΒ’τΑλλσλ
404 3232 497 3302 πατήρ
515 3246 553 3305 με
567 3231 672 3295 πόληος
684 3230 836 3294 ἐναλλάξας
851 3232 891 3287 ’A
911 3235 998 3287 σθλας
1013 3254 1042 3269 .,

226 3300 306 3353 Haud
326 3304 405 3355 aliter
425 3306 454 3355 in
473 3304 552 3357 Latio
570 3302 731 3357 Prudentius
748 3305 874 3374 Asclepia
896 3320 952 3364 cm,
976 3300 1105 3353 Sidonius
1123 3301 1241 3369 Euripi·

228 3370 296 3437 dem,
307 3375 457 3442 penultima
465 3373 597 3443 producta
605 3382 768 3444 posuerunt:
784 3373 838 3436 hic,
847 3391 927 3426 carm.
937 3372 983 3425 lx.
991 3375 1050 3425 aaa.
1070 3372 1240 3426 orchestram

229 3445 319 3514 quatit
335 3445 410 3496 alter
424 3441 593 3513 Euripides,
626 3444 674 3496 ille
692 3442 840 3511 Peristeph.
865 3446 897 3497 X.
922 3442 966 3511 ln.
1000 3441 1177 3512 Asclepiades
1199 3445 1242 3493 ire

213 3511 342 3570 .mandat
359 3514 473 3567 milites:
491 3514 523 3565 cf.
539 3514 607 3567 ibid.
631 3516 685 3566 108.
702 3516 760 3582 39²·
774 3512 833 3581 548.
847 3516 914 3583 687.
928 3530 987 3583 921.
1024 3512 1136 3565 Scilicet
1150 3512 1242 3562 cuncti

230 3584 279 3635 ista
298 3585 337 3635 ita
353 3585 547 3653 proferebant,
574 3593 604 3636 at
621 3582 814 3647 Antiochiam,
838 3583 1055 3644 Alexandriam,
1087 3582 1240 3642 Basiliam,

230 3654 321 3705 eadem
335 3652 440 3721 syllaba
460 3661 592 3723 correpta.
626 3654 716 3723 Atque
729 3657 759 3707 iu
769 3656 924 3707 universum
935 3653 1083 3705 tenendum
1096 3660 1145 3714 est,
1163 3668 1241 3720 grae-

231 3741 259 3775 ca
277 3724 475 3793 pronuntiandi
494 3728 641 3787 rationem,
664 3741 746 3793 quam
761 3726 891 3793 permulti
911 3727 983 3775 inter
1001 3730 1133 3775 nostrates
1149 3720 1241 3773 medlo

227 3795 299 3863 quod
321 3804 507 3860 vocautaevo
533 3796 626 3846 adulto
655 3803 740 3846 ortam
759 3812 816 3846 esse
839 3793 1025 3853 contendunt,
1053 3799 1241 3863 quaestuum,

227 3871 257 3916 ut
272 3882 305 3915 ex
318 3864 503 3917 voluminibus
518 3864 665 3917 chartaceis
681 3874 708 3916 e't
728 3865 952 3935 inscriptionibus
971 3862 1052 3930 pictis
1069 3870 1184 3926 constat,
1211 3863 1241 3912 ln

229 3934 346 4003 Aegypto
364 3934 415 3987 sub
427 3934 586 3989 Caesaribus
600 3944 710 4003 recepta
725 3942 792 3997 erat,
810 3936 939 4005 regnante
949 3933 1100 3985 Iustiniano
1117 3949 1173 3983 non
1188 3932 1242 3983 ali-

228 4010 268 4055 ter
284 4022 366 4076 quam
388 4001 439 4057 sub
460 4006 623 4075 Palaeologis
648 4005 888 4076 Constantinopoli
914 4002 1074 4057 obtinuisse.
1112 4002 1169 4053 Hoc
1192 4001 1242 4071 qui

228 4075 396 4143 perspexerit
411 4075 491 4127 facile
513 4076 648 4145 intelliget
669 4074 809 4143 Agathiam
839 4081 962 4126 nostrum
986 4066 1138 4144 Χερωνεύς
1154 4071 1240 4140 prima

230 4155 349 4215 correpta
359 4145 522 4215 protulisse,
543 4144 794 4215 repudiandamque
810 4163 869 4198 esse
882 4146 1063 4197 coniecturam
1074 4156 1144 4211 qnae
1157 4141 1238 4209 epigr.

230 4229 286 4274 roo,
303 4218 412 4281 στῆσαν
430 4218 582 4287 Χαιρωνεῦ
597 4231 646 4285 pro
662 4215 802 4279 στήσαντο
822 4218 958 4287 Χερωνεῦ
965 4212 1048 4269 scribi
1062 4214 1147 4266 iubet.
