3109 4950
272 422 278 439 .
354 376 357 382 ’
425 382 709 455 rusromlourl
729 361 832 468 ruso,
989 411 992 416 ·
1096 372 1204 457 noi

122 540 212 623 νοδς,
243 532 287 630 τῷ
307 534 389 623 γένει
412 542 476 605 τάν
492 534 672 626 ’Σουανάη
700 554 767 623 τοϊς
786 547 868 633 turp
889 545 944 612 τὸν
968 546 1142 617 Καύκασον
1164 554 1287 630 σι’-Λ.(ὶ,
1301 571 1353 627 555

88 636 96 652 .
122 646 214 706 κσάσι
231 638 421 727 βαρβάροις,
448 650 516 715 τοῖς
537 637 648 729 πόρρω
671 645 795 708 τούτων
802 697 812 726 ,
833 654 899 722 τοῖς
917 647 1042 712 insutus
1063 646 1113 713 ἔτι
1127 642 1313 736 παρ’-λ·Ῑςλδ

121 736 268 825 (δευτέρω,
297 734 355 814 τάς
378 736 531 820 ἐσχατιάς
551 740 675 825 ἁπάσης
694 744 751 825 τῆς
773 746 831 826 γῆς
855 741 941 829 εἴπερ
971 739 1058 834 adrui
1079 766 1232 834 sceptro-13

34 888 41 900 .
122 847 206 906 creir
233 838 306 923 ἐνῆν
313 889 323 919 ,
352 832 465 901 τούτου
483 862 518 920 γε
541 835 639 923 χάριν
660 832 718 905 οδκ
736 834 776 905 δν
797 843 948 908 ἐνεδίδου.
977 838 1017 928 ἧν
1039 846 1075 909 δὲ
1095 843 1131 909 ri
1150 838 1208 930 iy-

93 941 232 1025 ,tyrtpu
259 937 417 1017 ‘Propensior
439 934 529 1001 κακοὶ
550 934 590 1001 τά
616 938 770 1019 πολέμια,
800 937 856 1003 καί
877 941 940 1006 τοῖν
958 939 1130 1028 βαρβάρων
1148 942 1208 1028 ἤσ·

123 1042 246 1103 σάνται.
284 1036 338 1098 καλ
360 1030 418 1117 τήν
443 1035 518 1119 περὶ
541 1035 646 1098 ταῦτα
669 1034 822 1121 σπουδὴν,
840 1030 904 1121 οάχ
919 1032 997 1103 ὥστε
1018 1040 1113 1120 μόνον
1129 1043 1208 1127 πρὸς

123 1129 243 1211 iurator
268 1126 354 1217 άγειν
370 1131 406 1197 τὸ
424 1136 489 1199 τῶν
512 1128 684 1215 Ῥωμαίων
700 1138 790 1218 γένος
808 1137 927 1225 μετῄει·
947 1137 1051 1202 καίτοι
1067 1140 1123 1203 καί
1132 1143 1207 1204 τοῦ-

121 1258 157 1299 το
187 1230 288 1299 δεινὸν
318 1233 375 1296 καὶ
396 1229 467 1296 λεἰιν
493 1234 621 1318 ἐναργὲς
647 1229 811 1319 γνώρισμα
833 1236 942 1319 ψυχῆς
972 1236 1132 1318 πολεμίας·
1169 1238 1206 1305 τδ

123 1334 160 1397 δὲ
189 1334 243 1419 ἐφ’
264 1323 292 1421 ᾧ
314 1331 408 1395 πλέον
432 1327 566 1414 ἐμόχθει
592 1332 647 1395 καί
670 1332 924 1418 παρεσκεύαστο,
965 1333 1072 1421 ἕτερόν
1096 1360 1128 1401 τι
1154 1336 1210 1403 καὶ

79 1435 218 1501 sortita
236 1422 344 1512 μεῖζον
358 1426 446 1515 ὑπῆν.
469 1428 524 1515 τάν
538 1427 599 1515 γάρ
614 1426 693 1517 ὑπὲρ
707 1434 862 1513 βασιλέως
882 1436 940 1497 τοῦ
952 1434 1099 1517 μεγιστου
1118 1435 1234 1523 παρδο

122 1542 188 1609 τοῖς
208 1530 314 1595 ἔθνεσι
335 1527 506 1613 νικήσασαν
528 1526 641 1611 δόξαν,
672 1529 717 1607 ὥς
738 1523 803 1617 άρα
832 1533 966 1614 δυνάμει
985 1555 1021 1597 τε
1048 1532 1212 1621 κράτιστος

122 1628 180 1695 καὶ
204 1627 319 1713 πλήθει
337 1629 497 1713 τροπαίων
525 1631 769 1714 κεκοσμημένος,
805 1629 948 1695 διαλύειν
970 1628 1008 1695 τὸ
1032 1633 1294 1718 μέρος·ο’γι’-λ.83

123 1750 252 1813 γνασκε·
258 1728 391 1812 χρῆναι,
414 1724 582 1815 καὶταύτῃ
605 1726 684 1813 πρὸς
701 1724 823 1815 θράσος
844 1738 940 1794 κινεῖν
959 1733 1015 1795 καί
1031 1726 1211 1799 αὐθάδειαν

122 1825 160 1891 τὸ
175 1829 251 1901 τέως
269 1823 461 1910 κατεπτηχδς
485 1826 540 1890 καί
559 1824 736 1907 θαυμάζον.
758 1819 824 1914 ἆρα
845 1830 994 1911 πολέμιος
1016 1822 1056 1895 iu
1076 1830 1211 1896 δταῦτα

82 1927 211 2011 ιόδρῶν
231 1930 356 1989 καλοῖτο
373 1924 518 2005 δικαίως,
545 1917 567 2009 ἢ
592 1927 712 2006 μᾶλλον
735 1927 825 2013 φιλας
855 1926 910 1991 καί
931 1920 1041 2003 εὔνους
1072 1930 1127 1993 κατ’
1149 1935 1211 2012 βα-

123 2019 229 2097 σιλιδς
249 2020 304 2085 καί
325 2018 519 2099 ὑπόσπονδος
526 2072 536 2104 ,
568 2022 623 2087 καλ
649 2017 708 2087 ὅσα
724 2024 992 2110 τοῖςκατηγόρσις
1015 2029 1069 2091 εἰεί
1096 2026 1139 2115 rep
1156 2053 1213 2091 τυ-

123 2122 227 2209 ράννιρ
243 2120 468 2203 κεκόμψευται,
489 2118 590 2187 καίτοι
608 2126 697 2212 κοινῇ
719 2124 817 2187 δοθὲν
833 2120 1012 2210 ἑκατέροις,
1032 2120 1090 2189 oria
1109 2118 1212 2201 άλλως

123 2220 300 2305 διακριτέον
314 2218 350 2285 τὸ
369 2223 462 2307 prior
481 2217 544 2292 uini
559 2223 616 2285 τοῦ
635 2223 829 2307 δυσμενοῦς,
849 2217 970 2311 ἢμόνιρ
993 2228 1038 2313 τιβ
1053 2222 1132 2309 πρδς
1151 2222 1211 2301 τάς

123 2316 268 2403 ἐκβάσεις
280 2322 343 2385 τοῖν
356 2317 638 2405 παρεμπιπτόντων
648 2313 686 2385 εὖ
698 2344 732 2385 τε
749 2318 850 2404 τυχὸν
867 2318 1015 2407 ἢὲτέρως
1030 2326 1242 2395 διακεῖσδαιῐ)

197 2473 402 2526 irruamus
420 2483 448 2526 et
464 2476 558 2544 Intpn,
597 2475 625 2526 ui
642 2491 691 2544 pro
710 2475 748 2542 spi
758 2475 838 2544 γένει
855 2476 953 2546 legisse
966 2477 1074 2530 videtur
1087 2473 1122 2529 τά
1153 2479 1211 2544 ἕνη,
1250 2478 1252 2483 '

193 2545 261 2612 vulg.
272 2542 438 2598 Σουσάνων.
490 2549 514 2600 3.
527 2545 639 2610 άπασης
647 2549 674 2597 ll.
685 2543 873 2616 δαάσαςτιιλς.
919 2546 943 2615 4.
959 2547 1013 2600 oris
1027 2544 1064 2601 άν
1082 2548 1126 2602 ἔνι
1146 2548 1211 2600 ίδου

193 2615 234 2677 Β,
245 2614 298 2664 oux
312 2613 445 2668 άνεδίδου
457 2615 541 2686 Lugd.
556 2624 585 2668 et
599 2616 640 2670 ed.
674 2635 704 2680 r.‚
715 2617 770 2668 οδκ
779 2614 907 2669 ἐνεδίδου
916 2619 974 2677 Pur.
1029 2623 1053 2674 6,
1075 2621 1131 2687 οδχ
1140 2617 1211 2671 ὥστε

194 2684 287 2755 μόνον
303 2687 332 2737 λλ.
348 2685 433 2754 Lugd.
452 2695 480 2738 ct
497 2687 592 2754 lntpr„
629 2633 690 2739 odd.
718 2705 751 2740 ex
770 2689 841 2739 coni.
862 2687 912 2751 ios.
923 2689 1053 2758 scaligeri
1070 2689 1135 2760 μόν.
1155 2690 1212 2758 οὐχ

196 2751 277 2810 τάσδε.
348 2756 589 2824 7.τῶνλλ.,πᾶν
606 2759 677 2826 vulg.
740 2761 765 2812 8.
786 2760 835 2809 καὶ
852 2767 916 2810 ante
935 2760 1000 2812 λίαν
1017 2777 1070 2812 om.
1089 2762 1118 2812 lt.
1171 2780 1209 2814 ro.

195 2820 309 2888 ἢτοῦδε
327 2827 426 2896 μεῖζον
444 2827 585 2897 R.‚.Intpr.
602 2826 686 2880 uliud
701 2825 834 2899 quiddam
852 2842 878 2882 ιι
899 2829 980 2900 longe
995 2832 1094 2893 maius,
1112 2833 1212 2900 μεῖζον

197 2909 225 2952 κ,
244 2911 265 2945 τ.
285 2897 354 2966 vulg.
436 2915 473 2950 ιτ.
492 2893 524 2948 ιδ
542 2899 630 2968 μέρος
649 2899 695 2960 a,
722 2895 753 2948 τδ
772 2897 862 2950 arros
877 2917 908 2970 μ.
927 2901 1000 2970 vulg.
1076 2903 1211 2970 ἐμλνοσκι

196 2963 255 3034 sph.
272 2965 327 3018 Par.
400 2969 438 3020 16.
457 2968 506 3020 ini
525 2970 570 3032 rt,
596 2957 655 3019 ύπδ
673 2968 745 3038 vulg.

122 3101 251 3165 iberiam,
271 3103 302 3154 in
319 3101 430 3167 Alanos,
448 3102 604 3155 Suanorum
622 3101 738 3165 nationi,
763 3099 886 3154 barbaris
904 3101 976 3154 ultra
992 3103 1140 3156 Csncasnm
1156 3103 1209 3155 ha·

123 3171 294 3236 bisuntinus,
313 3173 416 3244 quique
437 3175 510 3225 ultra
527 3171 595 3236 hos,
617 3181 645 3224 et
667 3171 710 3224 his
728 3175 795 3239 ipsis
818 3171 907 3223 adhuc
923 3181 987 3225 suut
1005 3173 1163 3234 ulteriores,
1182 3181 1211 3224 et

124 3241 162 3292 orl
180 3261 286 3306 omnes,
304 3245 327 3294 si
349 3245 422 3298 obiri
440 3245 612 3314 potuissent,
633 3242 708 3294 orbis
737 3251 869 3296 terrorum
890 3242 1074 3294 extremitates
1099 3245 1210 3295 mittere

125 3329 184 3364 uon
211 3313 367 3367 destitisset.
404 3313 502 3366 Nuntii
524 3330 625 3364 summa
647 3312 716 3364 haec
734 3322 792 3364 crat
807 3312 954 3383 :sRomani
973 3312 1122 3376 imbelles,
1147 3322 1175 3364 et
1194 3331 1211 3364 κ

126 3381 246 3436 barbaris
264 3393 431 3452 superantur.
466 3383 556 3454 Atque
580 3383 623 3434 bis
641 3383 751 3453 quidem
769 3385 799 3435 iu
820 3383 901 3435 rebus
922 3383 1044 3435 studium
1066 3383 1115 3436 ille
1133 3401 1211 3435 suum

116 3453 287 3518 collocabat,
307 3473 363 3506 nou
373 3457 461 3507 solum
479 3463 511 3506 ut
519 3454 672 3506 universam
684 3455 866 3506 Romanorum
883 3454 1024 3506 nationem
1045 3454 1212 3511 contumelia
1266 3486 1269 3491 ·

125 3523 265 3587 afficeret}
282 3527 408 3587 (tametsi
427 3526 508 3578 ctiam
525 3524 578 3576 hoc
602 3540 680 3594 grave
700 3532 786 3586 esset,
807 3533 836 3575 et
859 3521 939 3577 valde
960 3523 1136 3576 manifestum
1161 3523 1213 3573 bo-

124 3595 197 3646 stilis
217 3595 299 3644 animi
318 3603 527 3664 argumentum)
546 3595 621 3648 uliud
637 3610 700 3646 vero
720 3593 851 3664 quiddam
872 3595 953 3663 louge
969 3596 1057 3647 maius
1074 3592 1127 3645 hoc
1144 3593 1212 3644 sub-

124 3671 203 3726 erat,
228 3663 330 3733 inquo
355 3667 500 3735 praecipue
517 3665 661 3718 laborabat
679 3672 707 3716 et
717 3665 929 3724 machinabatur.
944 3665 1110 3734 Opinionem
1128 3663 1211 3728 enim,
1238 3667 1240 3670 ’

126 3747 200 3806 quse
229 3730 264 3782 de
287 3735 404 3786 maximo
425 3737 590 3806 Imperatore
613 3737 736 3788 omnium
765 3735 941 3787 barbarorum
965 3737 1068 3785 animos
1094 3750 1212 3802 occupa-

126 3813 185 3867 rat,
215 3800 290 3873 quod
312 3803 440 3857 nimirum
458 3806 661 3874 potentissimus
683 3813 755 3857 esset
770 3807 977 3874 innumerisque
995 3802 1135 3872 trophaeis
1156 3805 1211 3856 els-

126 3892 188 3937 rus,
210 3873 414 3942 infringendum
432 3875 486 3927 sibi
504 3893 537 3926 ex
556 3886 632 3944 parte
645 3875 775 3946 putebat,
797 3883 829 3926 ut
850 3877 889 3928 sic
908 3876 985 3936 illos,
1004 3882 1105 3926 terrore
1123 3873 1210 3926 solmi-

126 3945 289 4014 rationeque
308 3944 422 4006 Romani
439 3946 556 3997 nominis
582 3947 661 3998 antea
686 3953 798 4013 coptos,
822 3945 995 3998 audentiores
1025 3944 1209 3999 confidentior

126 4031 225 4083 resque
243 4012 379 4066 redderet
399 4014 475 4066 Num·
487 4017 571 4084 igitur
587 4015 684 4077 hostis,
701 4015 749 4083 qui
769 4015 836 4066 tolia
852 4016 926 4076 lacit,
945 4014 1004 4064 iure
1024 4023 1149 4078 vocetur,
1170 4033 1208 4067 an

125 4085 219 4152 potius
245 4085 345 4138 amicus
369 4092 398 4138 et
424 4084 573 4137 benevolus
598 4093 626 4136 et
644 4101 691 4137 rer
710 4091 738 4134 et
761 4084 989 4146 confoederatus,
1021 4093 1070 4136 aut
1093 4087 1208 4156 quibus·

126 4169 233 4222 cunque
261 4173 323 4207 eum
345 4165 514 4210 accusatores
541 4154 630 4205 titulis
649 4151 769 4206 ornanti
792 4154 913 4205 Tametsi
935 4161 967 4204 ut
987 4157 1111 4224 utrisque
1133 4172 1209 4207 com·

127 4223 251 4275 munitor
270 4225 323 4278 hoc
344 4227 448 4290 detur,
473 4243 529 4278 nou
550 4224 630 4277 aliter
653 4223 849 4275 discernendus
876 4232 918 4275 est
940 4225 1039 4276 amicus
1064 4223 1208 4285 abhorre,

127 4309 208 4364 quam
230 4311 263 4346 er
282 4297 340 4348 solo
365 4297 547 4352 incidentium
572 4311 660 4348 rerum
681 4301 801 4358 eventu,
824 4302 854 4347 et
878 4311 911 4347 ex
931 4294 1004 4346 bonu
1024 4295 1146 4348 fortassis
1162 4300 1211 4345 aut

189 4396 331 4469 Agotbias.
475 4399 478 4402 ’
932 4399 962 4452 15
