3109 4950
394 342 405 381 '
430 343 723 441 'ursroaunuu
752 352 808 439 tir.
826 375 879 449 σε,
1138 337 1238 459 195'

134 526 191 599 ταί
211 522 290 597 ἄλλα
309 530 363 595 ἐπί
383 527 515 605 τούτοις
543 523 668 595 ἅπαντά
684 553 718 595 τε
739 525 796 594 τύν
814 522 933 609 μεταξύ
957 523 1038 613 οἷέρα
1060 522 1252 606 truite-A,
1265 551 1294 603 c,
1310 548 1362 607 555
1411 591 1413 606 s

133 656 208 699 πτον
228 632 266 719 τῇ
281 626 427 718 συνεχείᾳ
434 679 444 711 ,
470 622 577 717 ιύσπερ
602 616 749 715 άλλήλοις
767 620 999 713 ξυμπεφυκύτα.
1027 622 1151 691 εἴκασεν
1173 617 1240 689 άνῐδ
1250 626 1271 675 1·
1280 640 1315 692 ⁰9

131 754 178 808 τις
204 728 239 797 τύ
262 732 374 817 χρῆμα
399 731 514 818 νιφετῷ
536 724 677 817 μεγάλῳ,
710 720 731 813 ἢ
752 728 878 813 χαλάζῃ
910 728 1009 813 πολλῇ
1038 721 1097 801 ξύν
1121 723 1216 811 βιαίφ

134 828 290 911 πνεύματι
316 824 559 917 καταύροιγείση.
593 820 686 893 ἄλλοι
712 829 747 892 δέ
775 819 832 903 τάς
854 848 888 889 rt
908 822 1056 908 μηχανάς
1082 823 1216 911 ἐκίνουν,

114 931 187 999 έκαί
208 932 283 1013 βέλη
311 922 463 1014 πυρφόρα
481 920 661 1011 ἦκύντιζον,
690 920 723 1002 ἐς
746 942 782 989 τε
806 920 878 1000 τούς
900 925 1111 1003 καλουμένους
1135 947 1218 986 σπαὁ
1258 967 1260 971 -

134 1034 248 1105 λίωνοις
268 1026 523 1107 ύπεισδυόμενοι,
544 1026 685 1090 πελέκεσι
704 1022 786 1091 κατὰ
803 1025 859 1089 τού
873 1025 998 1105 τείχους
1016 1021 1215 1107 ἐπεφέροντο,

86 1140 91 1159 ‘
132 1124 178 1203 αἱς
195 1123 317 1204 ξύλινόν
343 1148 378 1189 τε
400 1117 454 1207 δν,
482 1121 647 1211 καὶταύτῃ
670 1122 788 1212 ῥηιδίως
811 1117 1056 1202 διατεμνύμενον.
1084 1117 1113 1181 οἱ
1131 1113 1218 1183 δὲτὸ

134 1224 270 1289 δάπεδον
287 1222 462 1307 διορύττειν
486 1224 670 1309 ἐπειρῶντο,
700 1220 756 1286 καί
773 1223 828 1305 τῆς
850 1217 975 1304 πράτης
998 1217 1121 1300 βάσεως
1144 1219 1219 1304 ἐφι-

135 1329 294 1407 emutat,
316 1317 401 1387 ούται
421 1346 455 1387 τε
479 1316 663 1408 ἀνατρέπειν
689 1319 745 1385 καί
769 1315 1014 1404 διασπαράττειν
1037 1312 1074 1381 τύ
1099 1320 1217 1397 ξυμπε-

96 1418 228 1507 ιοπηγύς
240 1419 295 1485 καί
303 1422 542 1507 ἐνηρμοσμένον.
563 1418 644 1483 titt
662 1417 724 1505 γάρ
743 1420 798 1483 καί
809 1415 839 1482 οἱ
862 1413 1031 1498 Ῥωμαῖοι,
1048 1413 1081 1492 ές
1095 1439 1130 1479 τε
1144 1411 1218 1491 τούς

132 1521 268 1605 πύργους
289 1518 343 1583 καί
366 1517 424 1596 τάς
447 1518 589 1595 ἐπάλξεις
618 1514 769 1599 ἑστῶτες,
804 1511 949 1599 ἀπεῖχον
972 1506 1030 1593 ’ξύν
1053 1512 1218 1601 προδυμιζτ

132 1620 187 1687 καί
205 1618 417 1700 άπεμάχοντο,
447 1612 551 1703 οἵσπερ
568 1620 610 1705 τῇ
627 1618 718 1705 πείρρι
736 1616 895 1681 δεικνύναι
915 1613 1099 1697 βουλόμενοι
1119 1608 1217 1695 τὸμὴ

129 1719 248 1802 ,χρῆναι
267 1716 375 1793 αύτοίς
392 1712 503 1802 ἑτέραν
524 1717 658 1798 δύναμιν
675 1716 913 1801 προσγενέσθαι.
933 1707 1002 1797 ἥτε
1016 1713 1072 1776 τού
1086 1708 1218 1796 Mapu'-

132 1838 186 1881 νου
211 1809 311 1899 ἀπάτη
329 1818 364 1881 ἐν
385 1816 473 1903 αύτῷ
486 1812 528 1899 ’δῆ
553 1818 595 1901 τῷ
611 1812 691 1903 ἐργφ
711 1810 865 1899 διεφάνη,
891 1805 937 1887 ὥς
951 1809 1107 1896 χρήσιμός
1121 1832 1156 1873 τε
1176 1801 1217 1891 ἦν

95 1916 188 1995 ,5καί
202 1913 396 1998 ἐνεργστάτη.
416 1909 550 1989 ἅπαντας
571 1908 631 1998 γάρ
641 1913 782 1998 άφτιδιύς
795 1912 1012 1994 διεπονοῦντο,
1033 1907 1148 1971 ούδένα
1163 1898 1311 1972 ‘ob-Mol

132 2036 205 2077 τινα
224 2007 337 2098 τρόπον
356 2008 546 2098 άμυντὴριον
562 2013 734 2093 μεθιέντες.
774 2007 892 2095 δόρατα
907 2010 968 2090 μὲν
986 2006 1048 2093 γάρ
1066 2003 1166 2071 πολλὰ
1183 2006 1219 2069 ἐκ

131 2113 188 2175 τού
205 2107 364 2195 μετεώρου
386 2110 608 2191 ἀκοντιζόμενοι
632 2106 707 2185 τούς
731 2109 896 2188 πολεμίους
924 2102 1127 2191 ἐτιτρωσκεν,
1165 2100 1218 2167 ὅτε

132 2210 173 2296 δὴ
196 2207 312 2295 πλήθει
326 2206 439 2297 γυμνῷ
450 2208 614 2295 ἐρυμάτων
629 2208 863 2295 renuntiauere
872 2258 882 2288 ,
902 2204 959 2271 καί
973 2204 1049 2269 ούδέ
1065 2199 1138 2267 ἐνύν
1150 2196 1219 2267 ἐτέ-

131 2314 215 2397 pessit
232 2310 399 2396 φέρεσθαι·
420 2310 507 2374 λίθοι
520 2312 563 2375 δέ
578 2308 742 2391 ἁμαξιαῖον
756 2302 835 2371 κατά
850 2307 914 2370 τῶν
927 2298 1115 2369 σπαλιούνων
1130 2296 1218 2386 ἐρ’ῥέ-

88 2438 259 2497 nantuato,
280 2411 321 2478 τά
339 2414 503 2498 πλέγματα
517 2408 730 2495 καταγνύντες.
761 2405 884 2490 μείονές
902 2428 936 2469 τε
955 2396 1046 2468 ἄλλοι
1066 2402 1218 2485 διασφεν-

131 2513 301 2598 δονιύμενοι
320 2509 359 2580 τά
387 2509 485 2598 κράνη
501 2514 564 2578 τῶν
574 2506 701 2594 Μήδων
719 2509 774 2573 καί
788 2504 994 2582 ciceastriae
1008 2502 1216 2586 κατέδραυον,

201 2658 480 2736 ιτ.δπεμάχοντοΒ,,
498 2658 678 2732 έπεμάχοντο
697 2659 768 2729 malg.
815 2655 854 2724 si.
873 2650 915 2708 δν
931 2656 961 2706 R.
969 2671 1018 2722 pro
1029 2644 1071 2717 ἦν.
1121 2649 1161 2706 τά.
1180 2646 1216 2699 ιλό

197 2749 302 2792 παντες
314 2737 343 2786 R.
362 2743 390 2786 et
403 2733 487 2801 lntpr.
507 2749 599 2786 omnes
617 2729 825 2790 indesinenter,
847 2725 1017 2792 ἁπανταχοῦ
1031 2722 1101 2791 vulg.
1174 2723 1215 2774 ιδ.

200 2803 293 2858 πάλαι
318 2807 347 2860 a
390 2821 437 2858 aa,
459 2799 795 2874 διασφενδονάμεναιΒ.,
818 2792 1118 2868 διασφενδονούμενοι
1142 2792 1213 2861 vulg.

128 2959 214 3023 atque
230 2949 300 3002 aliae
321 2951 497 3020 superabas,
515 2955 548 3000 ut
561 2947 718 3000 universum
739 2937 933 2994 intermedium
953 2944 1043 3006 aerem
1058 2950 1107 2988 sua
1121 2935 1216 2988 densi-

128 3031 188 3076 tate
206 3022 367 3092 obtegerent
379 3023 464 3074 veluti
477 3024 549 3074 inter
566 3035 595 3070 se
619 3020 828 3084 coagmentatae.
866 3011 1054 3077 comparasset
1078 3006 1215 3076 quispiam

128 3110 187 3145 rem
205 3091 334 3164 ninguori
352 3093 458 3162 ingenti
469 3099 516 3144 aut
530 3087 655 3160 grandini
669 3083 826 3137 vehementi
839 3099 900 3133 cum
916 3078 1116 3131 violentissimo
1132 3082 1215 3125 vento

129 3165 235 3215 ruenti:
266 3163 316 3214 alii
336 3179 400 3215 vero
420 3162 558 3214 machinas
585 3155 786 3216 admovebant,
814 3161 843 3203 et
866 3150 922 3203 tela
946 3149 1033 3217 ignita
1060 3145 1212 3225 iaciebantt

128 3234 181 3283 alii
201 3233 352 3286 testudines
371 3231 527 3302 (machinas
545 3231 586 3281 ita
600 3227 707 3290 dictas)
735 3223 899 3283 subeuntes,
924 3228 1031 3270 secures
1055 3229 1132 3266 muro
1159 3230 1216 3262 rm-

128 3302 295 3372 pingebant‚
312 3304 415 3374 quippe
432 3304 479 3373 qui
499 3301 604 3372 ligneus
621 3304 693 3360 erat,
711 3294 830 3364 ideoque
850 3291 931 3343 facile
951 3285 1068 3339 discindi
1092 3290 1214 3354 poterett

127 3373 181 3423 alii
200 3375 383 3441 pavimentum
402 3375 455 3425 soli
475 3370 609 3424 suffodere
627 3366 805 3425 conabantur,
822 3371 851 3416 et
869 3361 903 3413 ad
915 3360 1030 3428 primam
1048 3357 1136 3408 basim
1149 3371 1215 3423 per*-

128 3443 234 3506 venire‚
255 3452 335 3514 atque
355 3445 397 3494 ita
415 3444 489 3515 quod
507 3448 678 3510 compactum
698 3445 727 3488 et
745 3440 959 3502 coagmentatum
981 3436 1040 3479 erat
1062 3425 1216 3478 convellere

128 3520 215 3583 atque
235 3513 397 3566 subvertere.
435 3514 549 3567 Romani
568 3517 661 3564 contro
679 3509 708 3559 iu
725 3505 819 3576 pinnis
837 3511 866 3556 et
889 3499 1099 3572 propugnaculis
1123 3508 1217 3578 missod

127 3599 193 3635 rum
217 3591 327 3648 stantes,
344 3586 442 3636 acriter
459 3586 634 3652 animoseque
652 3579 809 3630 resistentes
819 3573 995 3645 pugnabant,
1013 3569 1098 3620 veluti
1111 3583 1141 3618 re
1159 3580 1218 3632 rpsa

126 3653 275 3706 ostendere
292 3656 423 3716 volentes,
440 3665 613 3726 nequaquam
627 3663 693 3720 opus
714 3663 782 3712 ease,
800 3656 832 3699 ut
848 3646 915 3714 ipsis
933 3657 1020 3694 novae
1039 3639 1134 3706 copiae
1150 3634 1217 3685 sub*

126 3723 202 3776 sidio
222 3727 355 3776 venirent.
392 3727 524 3795 Apparuit
543 3738 606 3776 vero
620 3720 764 3773 manifeste
790 3719 820 3769 in
841 3718 901 3786 ipso
926 3728 1019 3783 opere,
1041 3720 1123 3792 quam
1140 3705 1217 3756 utilis

126 3793 279 3866 efficaxque
297 3796 409 3847 Martini
437 3797 515 3848 dolus
542 3795 645 3846 fuisset.
690 3791 772 3842 Omni
798 3789 872 3840 enim
890 3802 924 3837 ex
947 3789 1026 3853 parte
1051 3785 1219 3828 incessanter

125 3864 345 3928 adlaborabant,
362 3863 433 3918 nihil
454 3881 488 3918 ue
506 3867 597 3935 plane,
616 3861 691 3934 quod
711 3859 745 3912 ad
764 3854 976 3928 'propulsandum
1000 3850 1106 3900 hostem
1131 3847 1218 3915 pertid

125 3945 217 4001 neret,
236 3937 410 3993 omittebant.
463 3949 506 3987 am
522 3944 549 3987 et
565 3935 658 3986 hastae
677 3933 779 3982 multae
794 3929 904 3997 telaque
920 3940 934 3974 e
950 3918 1063 3974 sublimi
1080 3919 1149 3970 iacta
1163 3915 1217 3968 ho·

123 4014 181 4058 stes
202 4007 398 4071 vulnerabant,
424 4014 520 4075 utpote
547 4007 577 4056 iu
593 4003 694 4054 nudam
721 3999 862 4068 nullisque
884 3990 1092 4064 propugnaculis
1117 3997 1218 4040 tectam

122 4076 333 4130 multitudinem
351 4074 519 4138 incidentia,
544 4085 669 4144 quaeque
689 4069 820 4120 aliorsum
835 4067 906 4118 ⁴ferri
921 4073 978 4115 nort
990 4069 1131 4131 poteraut3
1154 4072 1218 4110 saxa

123 4147 211 4198 etiam
227 4149 388 4218 plaustralia
401 4151 431 4199 iu
444 4145 597 4199 testudines
611 4139 796 4200 iaciebantur,
815 4148 923 4188 omnem
939 4135 1048 4185 illarum
1060 4136 1218 4184 contextum

120 4219 349 4288 perrumpentia;
368 4219 437 4290 quin
450 4226 478 4269 et
493 4217 612 4267 minores
634 4210 739 4281 lapides
754 4207 848 4261 funalis
865 4205 947 4259 eiecti
968 4204 1057 4274 galeas
1075 4199 1218 4253 Medorum

121 4295 258 4362 mulne
270 4288 491 4360 perfringebat,
507 4293 536 4340 θῑ
549 4283 585 4340 ad
599 4297 707 4338 1111111111
720 4295 803 4352 qum
817 4274 941 4350 proxime
953 4271 1085 4328 accedere
1100 4285 1157 4328 nou
1178 4265 1217 4315 si·
