3109 4950
514 268 940 341 nrsrommuunso.
1202 238 1259 333 85

164 450 224 510 μον
240 416 472 509 ξονδιῆτεγιιαν,
492 412 595 507 ἄρδην
615 415 806 507 ἀνήρπαστο,
826 419 918 504 μόνοι
934 424 970 489 δὲ
990 417 1254 506 ὄμέοῆνοντατῶν
1263 428 1293 481 Δ.
1305 428 1392 484 citt

164 521 330 607 Ῥωμαίων
356 516 469 607 ἄνδρες
496 514 675 602 ἀπέθανον,
717 520 750 584 oi
768 518 808 603 δὴ
828 518 1002 603 ἐτύγχανον
1027 500 1359 600 imitemin-²7·

165 622 223 709 τὴν
242 620 369 709 πρώτην
393 616 532 704 ἐμβολὴν
550 619 613 683 τῶν
638 619 805 699 πολεμίων.
842 613 1034 729 ἦριστιενσαν
1059 620 1095 681 δέ
1118 620 1153 682 έν
1174 616 1280 704 τῷδεΒ

167 726 212 810 τῷ
227 719 307 809 έρμρ
326 720 391 785 τῶν
415 721 475 801 μὲν
499 718 684 799 Ῥωμαϊκῶν
713 714 881 801 ταγμάτοιν
906 714 1021 800 σχεδόν
1043 742 1077 781 τι
1107 710 1256 797 ἅπαντες,

147 815 338 905 ὄβαρβσίρονν
355 818 391 881 δὲ
411 820 475 883 τιόν
491 816 788 902 ξνστρατινομένιον
803 809 1014 903 Ἀλέγιρνοςὸ
1033 817 1065 880 Γ
1062 815 1154 889 έτθος
1176 816 1260 899 (πα-
1292 828 1296 838 “

165 916 298 1005 ρῆνμὰρ
314 917 369 979 sci
385 910 518 1001 ὃςέντῂ
532 910 648 1002 μάχη),
670 912 874 979 Σινδοινᾶλτι
890 912 985 979 droit
996 909 1258 1000 Ἐροέλοινστρα-
1287 964 1291 971 .
1328 932 1336 954 ’

162 1013 274 1098 πηγὸς,
302 1016 357 1078 κατ’
367 1009 468 1078 οὐδέν
484 1037 516 1077 τι
532 1010 663 1077 ἔλαττον
677 1010 752 1095 ἔσχε
772 1016 838 1078 τιόν
853 1006 966 1077 ἄλλων.
993 1006 1131 1087 ἅπαντες
1152 1013 1190 1075 δὲ
1203 1008 1271 1091 τὸν1

166 1115 299 1197 Ναροῆν
316 1113 351 1177 ἐν
373 1110 490 1201 ἐπαίνῳ
506 1112 669 1176 ἐποιοῦντο
684 1115 740 1177 καί
755 1107 1001 1194 ἀπεθαύμαζον,
1020 1106 1120 1196 ὦςιῇ
1138 1107 1258 1175 incubos

167 1209 345 1299 προμηθείᾳ
361 1209 416 1276 ἐπὶ
429 1213 510 1295 μέγα
531 1208 623 1295 edm
635 1209 841 1297 χωρήσαντες.

131 1326 171 1367 1⁰
224 1343 237 1369 .·
252 1307 282 1373 ι’.
326 1308 409 1394 Νίκη
434 1308 494 1395 γὰρ
520 1304 604 1375 oir'rco
632 1308 762 1395 λαμπρὰ
795 1309 850 1375 καὶ
868 1306 1028 1397 διαφανὴς
1048 1306 1105 1373 καὶ
1132 1309 1165 1382 ές
1189 1304 1259 1371 ride

162 1406 349 1492 ν’πιρβολῆς
369 1408 568 1493 προελθοῦσα
585 1401 623 1472 οὕ
637 1403 777 1497 ῥηιδίως,
798 1403 907 1491 οἶμαι,
929 1402 992 1473 ἀνὰ
1009 1405 1064 1471 τὸν
1079 1404 1262 1491 ἔμπροσθεν.

160 1502 285 1591 χρόνον
301 1500 396 1595 ἑτέρην
417 1506 461 1595 τῷ
478 1506 665 1591 ξυνηνέχθη.
693 1508 775 1572 εἶδέ
791 1530 854 1571 πον
871 1499 936 1595 ἄρα
951 1508 1005 1571 καὶ
1021 1509 1123 1590 ἕτερον
1141 1502 1256 1589 πρότι-

171 1626 231 1691 ρον
253 1602 455 1689 παραπλήσια
473 1612 541 1681 τοῖς
556 1602 713 1691 Φρῶγηοις
729 1602 940 1687 πεπόνθασιν,
959 1604 1029 1669 ἀλλ’
1045 1598 1152 1688 εὕροις
1166 1624 1202 1685 γε
1217 1594 1280 1664 dac

173 1700 229 1766 aci
250 1701 385 1777 ἐκεινοις
404 1696 530 1779 οἶέικέας
542 1705 628 1771 ἕκατι
645 1706 892 1791 διαφθαρέντας.
934 1703 1032 1776 Δάτις
1044 1702 1105 1783 μὲν
1116 1696 1178 1785 γὰρ
1194 1697 1259 1761 πά-

130 1800 225 1865 ιὸλαι
246 1799 420 1887 ὅΔαρεέου
441 1799 606 1887 σατράπης
627 1798 694 1884 ἅμα
717 1805 933 1888 στρατεύματι
948 1801 1116 1887 Περσικῷ,
1134 1802 1258 1882 Μαρα-

172 1899 300 1963 amitte
313 1893 484 1985 ἀφιγμένος
501 1900 786 1987 καταστρέψασθαι
798 1898 858 1985 τὴν
881 1895 1028 1985 Ἀττικὴν
1039 1888 1116 1987 ᾤετο
1130 1898 1259 1982 χρῆναι,

171 1994 228 2061 καὶ
246 1999 312 2078 μὲν.
327 1995 366 2080 δὴ
381 1996 435 2061 καὶ
450 1992 579 2063 ἅπασαν
603 1996 662 2081 τὴν
679 1997 823 2063 Ἑλλάδα.
845 1997 934 2063 αι’τέα
955 2000 992 2063 δέ
1008 1988 1050 2080 ἦν
1063 1998 1120 2081 τῆς
1141 1990 1260 2080 ἐφόδια

169 2088 257 2160 ὅσιον
264 2098 324 2177 μὲν
343 2090 435 2161 oridia
447 2090 523 2161 οὐδὲ
535 2096 667 2161 δίκαιον·
686 2090 737 2161 ὅτι
750 2098 786 2161 δὲ
794 2098 928 2179 βασιλέα
941 2091 1088 2181 Δαρεῖον,Ι
1104 2092 1150 2167 αἷς
1163 2091 1257 2175 ἔοικε,

170 2190 209 2257 τὸ
227 2196 285 2277 τῆς
304 2188 415 2268 Ἀσέας
430 2197 564 2278 μέγεθος
582 2188 641 2258 οὖν
657 2191 793 2280 ἔχω’ρει,
812 2188 894 2259 ἄλλα
912 2190 1000 2258 δεινοὶ
1017 2193 1150 2256 ἐποιεῖτο
1165 2188 1254 2273 εἰμὴ

127 2290 358 2378 οοχειρώσοιτο
372 2294 427 2357 καὶ
440 2290 499 2376 τὴν
514 2288 678 2379 Εὐρώπην.
699 2288 802 2357 ταῦτά
818 2315 869 2357 τοι
888 2290 943 2355 καί
956 2286 1098 2375 ἡσσῶντο
1117 2283 1258 2375 circuad-

171 2412 224 2467 τος
245 2388 308 2453 ὑπὸ
329 2388 513 2455 Μιλτιάδου
541 2388 571 2455 oi
587 2394 711 2476 Μῆδοι.
743 2391 885 2455 τοσοῦτοι
906 2385 968 2475 γὰρ
992 2381 1099 2451 αὗταῑν
1121 2388 1155 2451 έν
1176 2388 1257 2474 τῷδε

239 2497 263 2548 3.
284 2491 309 2544 d
328 2493 360 2546 lv
377 2495 407 2544 lt.
464 2497 502 2548 13.
523 2501 584 2552 τοῖς
602 2493 756 2563 Φράγγοις-
772 2493 834 2548 add.
853 2509 888 2545 ex
906 2493 936 2543 a.
955 2499 984 2543 et
1000 2492 1086 2558 lutpr.
1104 2508 1163 2544 nors
1180 2490 1258 2548 ‹slsi-¹

235 2565 368 2616 mitem—-
382 2561 536 2616 clodcm—
551 2583 632 2634 qnam
651 2578 678 2618 ct
696 2565 808 2616 Franci.
864 2564 904 2628 14.
922 2561 1071 2615 entenic
1125 2561 1163 2616 tit
1175 2559 1258 2630 Vulg.

236 2639 265 2686 et
282 2635 311 2684 tt.
328 2635 498 2703 Μαραθῶνα
521 2631 560 2685 dl.
649 2637 687 2688 18.
705 2632 791 2686 οὐδὲν
807 2634 911 2685 inserui
932 2649 966 2684 ex
983 2631 1024 2694 tt,
1039 2630 1109 2700 vulg.
1129 2639 1158 2682 ct
1170 2629 1254 2698 Iutpr.

236 2719 288 2754 orn.
357 2719 399 2754 20.
417 2703 500 2770 Intpr.
520 2701 592 2756 unde
609 2722 660 2775 per
676 2703 836 2758 Miltiadem
855 2701 963 2758 devicti
980 2718 1041 2758 cum
1058 2701 1132 2758 Date
1150 2701 1210 2769 ipso
1229 2711 1258 2756 et

236 2773 362 2842 principe
376 2784 403 2825 et
421 2771 554 2834 debellati
571 2788 637 2826 sunt
658 2773 744 2828 Medi.

111 2931 117 2938 ι
166 2865 244 2918 enim
261 2865 310 2918 illa
322 2865 487 2919 Francorum
503 2866 606 2931 pariter
622 2873 651 2916 et
665 2864 878 2918 Alamannorum
895 2865 986 2929 turba,
1004 2872 1034 2918 et
1050 2875 1188 2938 quotquot
1206 2867 1255 2917 alii

167 2935 271 2991 sociale
291 2951 350 2986 cum
365 2936 433 3003 ipsis
451 2934 555 2988 bellum
564 2944 715 3004 gesserant,
733 2937 844 3004 penitus
858 2933 942 2988 deleti
961 2943 1040 2999 rnulf
1065 2938 1118 2989 soli
1140 2953 1203 2988 vero
1221 2953 1256 2987 ex

165 3005 293 3062 Romanis
303 3006 442 3075 octoginta
450 3005 502 3055 viri
511 3004 667 3067 desiderati,
684 3007 732 3074 qui
742 3005 853 3075 quidem
863 3005 980 3073 primum
991 3000 1113 3058 hostium
1122 3009 1255 3073 impetum

167 3084 339 3144 exceperant„
379 3077 411 3127 In
427 3073 481 3134 hoc
499 3083 590 3126 autem
606 3076 712 3144 proelio
727 3083 838 3128 suenue
853 3091 910 3126 rem
927 3085 1076 3143 gesseruut,
1098 3094 1113 3128 e
1128 3076 1256 3126 Romanis

166 3145 322 3214 legionibus
336 3145 394 3196 sere
405 3162 507 3211 omnes3
522 3161 555 3195 ex
565 3145 742 3196 auxiliaribus
753 3163 816 3197 vero
826 3144 949 3196 barbaris
962 3145 1103 3212 aligernus
1128 3146 1177 3195 ille
1199 3144 1256 3194 Go-

166 3213 231 3266 thus
249 3217 372 3284 (namet
390 3215 449 3282 ipsc
467 3213 606 3266 conflictui
627 3211 764 3286 interfuit)
784 3223 813 3268 et
830 3214 944 3266 Sindual
959 3213 1121 3265 Herulorum
1137 3213 1193 3263 dux
1210 3213 1256 3262 ni-

168 3285 227 3336 hilo
247 3285 308 3337 aliis
322 3285 444 3336 inferior.
482 3285 581 3336 Omnes
596 3301 659 3336 vero
676 3283 817 3336 Narsetem
837 3284 963 3335 laudibus
986 3282 1156 3334 extollebant
1174 3289 1256 3352 atque

169 3353 390 3417 admirabantur,
409 3364 538 3426 tanquam
558 3355 642 3424 ipsius
657 3354 803 3424 prudentia
814 3354 849 3405 ad
871 3361 971 3406 mutam
991 3354 1103 3422 gloriam
1120 3355 1215 3404 evecti.

243 3443 282 3478 ro.
318 3425 393 3476 Adeo
410 3429 483 3476 enim
505 3427 637 3477 illustrem
659 3443 689 3478 ac
710 3423 899 3494 splendidam,
925 3424 1047 3494 adeoque
1072 3423 1254 3476 excellentem

169 3493 311 3546 victoriam
328 3512 383 3546 non
400 3495 480 3548 facile
500 3491 659 3548 crediderim
683 3493 820 3566 prioribus
842 3495 939 3546 seculis
960 3494 1085 3565 cuiquam
1115 3495 1256 3561 obtigisse.

169 3564 200 3615 Si
217 3568 352 3634 quivero
377 3567 460 3616 etiam
486 3567 535 3618 alii
554 3565 668 3618 antehac
691 3583 747 3618 non
772 3565 925 3618 absimilem
958 3565 1063 3616 cladem
1086 3570 1259 3630 acceperunt,

169 3637 291 3702 reperies
304 3643 333 3688 ct
346 3634 408 3687 illos
425 3635 460 3686 ob
473 3636 575 3690 iniusta
589 3637 726 3708 impiaque
735 3635 858 3704 ipsorum
869 3635 941 3687 facta
951 3635 1072 3704 periisse.
1091 3635 1168 3684 Datis
1184 3632 1257 3683 enim

170 3704 238 3754 olim
256 3705 335 3756 Darii
358 3712 466 3774 satrapa
482 3707 532 3756 ubi
548 3724 608 3758 curn
629 3707 767 3758 Persarum
786 3707 906 3758 exercitu
921 3705 1108 3757 Marathonem
1127 3703 1256 3765 venisset,

170 3771 290 3826 Atticam
302 3791 340 3836 se,
351 3777 433 3826 immo
448 3790 511 3827 vero
526 3777 675 3828 universam
682 3777 830 3838 Graeciam,
843 3789 1023 3828 eversurums
1044 3773 1143 3825 orabat
1169 3772 1257 3824 Causa

169 3859 235 3894 vcro
249 3843 434 3912 expeditionis
455 3863 546 3914 neque
567 3863 653 3918 aequa
675 3863 765 3916 neque
784 3850 855 3898 iusta
884 3854 961 3910 στοις
989 3792 1041 3895 sei
1061 3857 1122 3894 curn
1143 3842 1261 3914 Darium

167 3929 269 3981 regem,
288 3915 330 3966 uti
352 3913 469 3977 videtur,
490 3915 570 3968 Asiae
587 3917 749 3986 magnitudo
769 3935 825 3967 non
849 3921 975 3985 caperet,
999 3912 1077 3983 granc
1096 3913 1151 3984 ipsi
1169 3913 1257 3965 mole-

167 3989 297 4052 stumque
314 3994 371 4036 erat
382 3985 438 4034 nisi
455 3987 538 4036 ctiam
550 3985 683 4054 Europam
700 3985 872 4056 subiugaret:
891 3983 992 4035 idcirco
1008 3983 1091 4036 etiam
1111 3999 1214 4036 summa
1228 3983 1257 4034 vi

167 4051 271 4105 devicti
295 4063 359 4105 sunt
385 4070 402 4104 a
426 4052 552 4106 Miltiade
583 4055 667 4106 Medi.
711 4055 767 4106 Tot
791 4057 864 4107 enim
883 4053 918 4103 ab
942 4055 1003 4124 ipso
1021 4054 1051 4107 in
1075 4053 1124 4105 illo
1169 4054 1257 4104 roelio

170 4125 242 4174 caesi
267 4123 393 4186 fuerunt,
420 4131 452 4175 ut
479 4121 674 4187 Athenienses,
694 4141 753 4174 cum
771 4131 834 4176 ante
851 4140 966 4192 pugnam
984 4123 1035 4194 (ita
1054 4125 1126 4176 enim
1146 4069 1257 4188 iirtun)

168 4194 323 4247 comminati
350 4201 449 4258 essent,
473 4211 502 4248 se
521 4191 637 4248 totidem
661 4209 772 4252 numero
804 4191 893 4246 hircos
924 4195 1027 4252 Dianae
1061 4192 1257 4248 sacrificatores
