3109 4950
438 279 721 378 unroutlnusi
744 280 790 365 'u
810 308 864 372 σο.
1015 249 1018 254 ’
1122 269 1207 355 323

125 454 321 542 σεσυομῖνοι,
342 444 437 520 τούτο
459 444 498 539 δη
520 435 765 545 ἔδακεπολλούς
785 455 847 517 τῶν
866 453 900 516 ἐν
920 453 1001 515 ’τέλει
1022 439 1348 534 καί·ἢνίασελ.ο,’553’
1429 475 1432 480 ·
1461 499 1463 508 .

127 561 240 646 φθύνηι
254 560 431 643 ληφθέντας
456 555 511 617 καί
530 552 702 640 βασκανίᾳ,
737 551 870 616 πάθεσιν
900 547 981 616 ούτω
1011 552 1122 624 δεινοῖς
1150 537 1298 613 sall-1³2

124 656 175 720 άεύ
193 654 231 719 τά
253 659 401 718 κάλλιστα
423 654 670 732 λυμαινομένοις.
703 649 860 734 τοιγάρτοι
887 649 1048 731 διέβαλλον
1074 644 1127 711 τόν
1148 639 1201 711 ῶν·
1209 657 1234 710 Ρ.
1245 647 1299 714 106

123 758 182 838 δρα
204 753 246 829 ῶς
265 753 526 836 μεγαλαυχούντα
547 752 601 812 καί
621 745 896 833 διαθρυπτόμενον
924 745 978 810 ἐπί
1001 749 1041 832 τῇ
1060 747 1117 810 τού
1137 743 1209 825 όμί-

100 852 176 921 όλοο
197 845 303 940 εύνοίη
331 853 386 914 καί
426 853 459 924 ἒς
491 842 588 922 άλλας
609 845 728 932 ὁρῶντα
749 846 886 923 ἐλπίδας.
916 838 961 911 ῶν
982 845 1019 931 δη’
1035 847 1131 910 ’ἓνεκα
1151 841 1209 908 τά-

117 948 212 1034 χιστά
234 975 270 1014 τε
291 943 444 1034 άφῖκται,
468 946 517 1022 ῶς
529 943 574 1030 μὴ
594 944 781 1009 τελεώτατον
802 938 908 1030 ῶροιτο
931 949 1026 1020 κλέος.
1059 946 1115 1008 καί
1133 943 1208 1008 οὐδὲ
1231 965 1234 974 ’

123 1049 178 1112 ε’πί
196 1057 263 1123 τοῖς
282 1040 344 1131 ἤδη
364 1046 589 1129 πεπονημένοις
609 1046 703 1128 τιμῆς
724 1038 871 1107 άπούνατο
900 1047 955 1128 τῆς
983 1039 1206 1128 προσηκούσης·

118 1144 197 1210 ἀλλὰ
223 1140 345 1230 διέρρει
365 1139 451 1231 αύτῷ
470 1140 509 1207 τά
529 1145 589 1227 τῆς
609 1147 711 1225 νίκης,
731 1139 804 1224 τόγε
825 1145 873 1206 ἐπ’
895 1144 1045 1222 ἐκείνοις,
1079 1141 1206 1226 φροῶδα

117 1243 172 1307 καί
190 1236 314 1325 άμισθα
334 1240 389 1306 καί
406 1240 588 1306 παντάπασι
610 1242 806 1324 σεσιγημένα.
828 1239 872 1315 ῶς
892 1243 951 1322 μὲν
972 1231 1030 1304 ούν
1051 1240 1113 1306 τῶν
1134 1232 1205 1322 άρί-

80 1360 200 1408 Ιοστοον
220 1345 337 1425 ψυχῶν
357 1339 547 1423 ἀμβλύνεται
562 1338 598 1403 τό
620 1337 820 1426 δραστήριον,
842 1339 934 1422 ἡνίκα
951 1337 997 1424 μὴ
1021 1342 1206 1418 ἐπαινοῖντο,

115 1444 200 1526 μηδὲ
220 1441 280 1503 τού
299 1441 470 1525 πρέποντος
489 1434 696 1519 ἀπολαύοιεν,
725 1440 781 1501 καί
801 1433 882 1513 ὅπως
903 1440 1030 1502 ἐνθένδε
1053 1433 1092 1500 τά
1115 1433 1211 1500 κοινά

118 1542 346 1625 καταδεέστερα
370 1539 507 1622 γίγνεται
527 1541 571 1627 τῷ
590 1536 633 1622 μη
664 1535 778 1623 ὀρθῶς
799 1531 969 1602 άσκεῖσθαι
989 1535 1029 1600 τά
1051 1533 1212 1616 circulati-3

113 1663 215 1720 μενα,
246 1637 311 1702 εἴτε
341 1640 486 1718 πολέμιον
516 1632 578 1701 εἶεν
599 1639 716 1720 α’γῶνες
746 1634 810 1700 εἴτε
838 1635 938 1720 λόγων
976 1638 1117 1700 παιδεῖαι
1139 1631 1203 1697 εἴτε

119 1733 198 1801 άλλο
219 1763 250 1802 τι
270 1739 331 1802 τῶν
353 1732 435 1800 ούτω
456 1734 692 1822 καιριωτάταιν,
725 1733 847 1820 εἴρηται
865 1739 925 1818 μὲν
945 1729 1005 1822 ἤδη
1025 1743 1089 1810 τοῖς
1108 1732 1205 1797 πάλαι

77 1835 227 1923 Ιόσοφοῖς
241 1837 297 1901 καί
308 1834 538 1917 ἀποδέδεικται,
561 1835 670 1923 ῥηίδιον
687 1837 731 1915 δὲ,
753 1831 850 1916 οἶμαι,
867 1837 922 1900 καί
940 1835 1037 1906 παντί
1048 1837 1091 1923 τῷ
1104 1835 1226 1920 προσ-Β

111 1935 241 2017 τυχόντι
271 1931 503 2016 διαγιγνώσκειν
532 1934 567 1996 ἐκ
595 1935 659 1996 τῶν
691 1928 846 2018 ὁσημέραι
875 1935 1130 2020 ξυμφερομένοον.
1175 1929 1215 1994 οἱ.

111 2027 294 2099 δὲὉύννοι
312 2030 353 2096 τά
372 2033 431 2113 μὲν
451 2033 561 2116 πρῶτα
582 2028 689 2106 δι’(οξίν
707 2054 778 2106 τινα
791 2027 1051 2116 ὑποτοπήσαντες,
1073 2033 1128 2096 καί
1148 2029 1204 2108 ξύν

110 2130 246 2220 θορύβῳ
272 2133 374 2219 πολλῷ
401 2133 465 2219 τῶν
484 2132 617 2215 μακρῶν
637 2130 840 2211 καλουμένων
869 2133 984 2212 τειχῶν
1003 2129 1203 2212 ύπεκβάντες,
1241 2151 1244 2158 ·

110 2229 223 2316 ἐπειδὴ
240 2228 390 2313 ἔγνωσαν,
411 2229 456 2304 ῶς
468 2229 656 2314 Βελισάριος
668 2226 886 2310 μετάπεμπτος
899 2227 1040 2312 ἐγεγόνει,
1062 2226 1118 2291 καί
1129 2222 1204 2292 otte

70 2329 224 2416 τοὲτερύς
245 2352 295 2405 τις
317 2327 426 2404 αύτοῖς
446 2327 608 2413 ἐπεφοίτα,
630 2323 724 2391 πάλιν
745 2325 947 2412 σχολαίτερον
967 2323 1163 2412 ἐπορεύοντο.
1188 2331 1212 2366 ‘-

184 2520 208 2557 t.
228 2487 264 2563 δὴ
286 2500 314 2550 ll.
331 2516 355 2553 s.
373 2514 421 2561 nn,
436 2497 468 2550 δὲ
484 2497 554 2569 vulg.
577 2506 605 2549 et
622 2498 650 2549 R.
673 2515 694 2551 1.
712 2514 746 2550 m.
836 2499 860 2554 8.
879 2497 1001 2553 ἐκείνοις
1019 2498 1058 2560 lt,
1075 2496 1203 2555 ἐκείνους

178 2570 257 2639 vulg.
362 2567 517 2638 ράπιστα
533 2570 563 2626 R,
582 2576 609 2619 et
626 2570 712 2639 Intpr.
732 2584 811 2623 vanc
831 2564 924 2621 omnia
943 2564 1062 2621 reddita.
1186 2580 1189 2585 '

106 2734 184 2785 enim
205 2729 329 2800 populns
346 2731 495 2792 universus,
512 2734 626 2784 victoria
644 2730 694 2784 hec
718 2734 785 2801 ipsis
806 2732 945 2795 nuntiata,
964 2750 1025 2784 eum
1045 2732 1202 2785 decantaret

106 2813 137 2855 et
160 2805 192 2853 in
214 2798 399 2851 conventibus
417 2803 527 2851 summis
552 2802 681 2854 laudibus
699 2809 820 2866 efferret,
851 2803 937 2854 veluti
962 2802 1064 2856 abillo
1085 2806 1201 2872 apertis-

105 2876 178 2925 sime
205 2877 396 2933 conservatus,
427 2870 574 2925 momordit
599 2887 662 2923 vero
690 2873 719 2923 id
742 2875 913 2941 pessimeque
935 2874 1033 2926 habuit
1056 2874 1213 2943 plerosque¹

104 2944 249 3013 primores
271 2938 358 3001 urbis,
375 2941 480 2991 invidia
504 2950 532 2991 et
550 2942 635 2993 livore
654 2951 813 3009 occupatos,
838 2944 913 2994 vitiis
932 2944 999 2993 adeo
1018 2944 1165 2994 atrocibus·
1173 2952 1202 2994 et

105 3029 220 3081 semper
238 3010 342 3078 optima
355 3009 725 3079 quaequelabelactantibus.
743 3011 908 3061 Calumniatl
922 3013 1013 3080 itaque
1028 3020 1091 3062 sunt
1105 3014 1200 3073 virum,

106 3092 140 3134 ut
166 3088 343 3150 arrogantem
361 3088 390 3129 et
409 3079 549 3149 popularis
574 3096 655 3131 surae
674 3080 817 3133 blanditiis
836 3081 1059 3141 insolescentem,
1079 3082 1214 3150 aliasque*

105 3170 172 3223 spes
192 3152 291 3203 animo
310 3151 465 3218 agitantem
484 3150 584 3219 quibus
604 3152 715 3220 quidem
732 3150 766 3201 de
785 3151 1073 3219 causis'citlssimequc
1092 3166 1200 3202 coven-

105 3234 171 3277 tum
192 3230 253 3281 est,
279 3227 311 3271 ut
335 3235 391 3271 non
417 3220 644 3271 absolutissimam
667 3222 779 3288 gloriam
798 3227 963 3289 reportaret,
988 3234 1079 3289 neque
1103 3221 1138 3271 ob
1158 3234 1199 3270 res

104 3294 257 3363 praeclare
288 3306 304 3339 n
337 3307 366 3341 se
388 3299 473 3358 gestus
493 3289 588 3341 debito
613 3290 715 3343 honore
739 3291 900 3354 afficeretur,
929 3288 975 3340 sed
1000 3292 1086 3340 omnis
1111 3292 1199 3341 victo-

38 3388 44 3401 ,
104 3366 167 3416 riae
191 3364 256 3413 laus
276 3360 301 3410 ei
320 3359 519 3431 quodammodo
538 3378 553 3411 e
571 3360 697 3412 manibus
715 3361 834 3422 effluxit,
853 3366 984 3429 quantum
1003 3360 1105 3411 inillis
1131 3366 1198 3420 erat,

104 3435 275 3486 oblitterata
297 3432 464 3499 praemiique
491 3446 587 3499 expers
613 3438 642 3481 et
664 3432 693 3482 in
727 3430 884 3483 universum
919 3431 1030 3481 silentio
1055 3431 1212 3484 *involutas

101 3506 196 3556 Porro
241 3499 295 3550 nod
312 3502 605 3567 praestantissimorum
622 3502 772 3551 animorum
785 3500 931 3551 acrimonla
949 3500 1125 3562 obtundatur,
1138 3508 1214 3552 curn*

101 3590 166 3623 non
189 3517 383 3639 collaudantur
408 3588 499 3641 neque
523 3571 619 3621 debito
644 3569 748 3622 lronore
765 3571 931 3632 alliciuntur,
953 3572 1081 3641 quodque
1096 3588 1129 3623 ex
1145 3569 1199 3621 hoc

102 3660 150 3693 res
163 3638 298 3711 publicae
309 3640 502 3693 detrimentum
520 3642 663 3709 accipiant,
679 3639 753 3711 quod
765 3658 821 3692 non
840 3647 913 3691 reete
926 3650 1054 3692 curentur
1072 3650 1099 3692 et
1116 3641 1198 3693 decod

102 3718 212 3765 rentur
234 3722 283 3768 ea,
304 3724 373 3777 quae
390 3720 525 3763 contemta
544 3714 643 3772 iacent,
673 3712 729 3760 sive
747 3710 842 3761 bellici
860 3712 916 3761 sint
933 3711 1049 3772 labores,
1070 3712 1126 3763 sive
1147 3711 1196 3761 lit-

100 3792 248 3837 terarum,
270 3776 439 3846 disciplinae,
457 3784 513 3834 sive
533 3780 610 3833 aliud
633 3780 774 3851 quippiam
792 3796 893 3842 eorum,
915 3796 984 3849 quae
1004 3782 1114 3831 maximi
1134 3788 1198 3833 sunt
1225 3837 1228 3843 ,

99 3847 265 3908 momenti,
287 3848 393 3898 dictum
411 3852 464 3901 iam
484 3860 564 3903 antea
582 3859 623 3902 est
644 3867 660 3900 a
682 3850 820 3903 veteribus
846 3850 1015 3917 sapientibus
1035 3859 1062 3901 et
1081 3852 1215 3903 demon-³

99 3929 248 3981 stratum3
266 3917 401 3987 facileque
419 3938 434 3970 a
449 3924 544 3991 quovis
562 3938 595 3972 ex
612 3919 782 3991 quotidianis
801 3921 943 3971 eventibus
961 3920 1079 3988 intelligi
1096 3929 1193 3990 potesta

98 3990 209 4043 Hunni
239 4004 302 4039 vero
330 3990 448 4056 primum
470 3991 580 4058 quidem
605 3991 813 4041 insectationem
835 3990 970 4059 quandum
995 3993 1140 4059 suspicati,
1166 4000 1212 4043 et'

99 4064 200 4114 multo
222 4074 284 4109 curn
304 4060 423 4110 tumultu
448 4061 537 4127 longis
563 4077 631 4130 quos
649 4068 747 4111 vocent
767 4060 851 4111 muris
879 4061 991 4129 egressi,
1016 4070 1193 4133 posteaquam

97 4130 278 4185 Belisnrium
304 4138 458 4181 revocatum
482 4130 566 4180 fuisse
592 4137 759 4197 cognorunt,
794 4144 884 4203 neque
908 4132 976 4183 elius
995 4133 1138 4205 quisquam
1163 4131 1215 4199 in!

98 4205 186 4271 ipsos
205 4208 347 4261 moveret,
369 4200 471 4252 lentius
489 4210 593 4251 numen
608 4199 802 4268 procedebant,
