3109 4950
349 318 406 407 68
784 337 994 404 loomim

196 525 227 579 A,
242 526 270 579 c,
288 499 488 577 553παδοντες
499 496 673 583 διεχρῶντο.
685 490 760 559 ἔνιοι
772 495 807 557 δὲ
818 492 922 557 αὐτῶν
931 488 1010 576 ύπὲρ·
1023 487 1059 553 τό
1076 481 1254 573 κρημνῶδες
1267 482 1324 551 κατ’
1334 484 1445 572 οἴκτρ’-ι

233 599 253 650 1·
267 596 332 669 1·27
346 596 445 686 ῥωγός
468 598 521 683 τῆς
543 593 650 680 ηἰόνος
671 590 859 674 άναβάντες,
890 585 999 653 ἔπειτα
1024 583 1104 650 κατά
1120 586 1178 649 τού
1196 586 1336 670 πρανοῦς
1356 584 1436 648 άπα-

344 699 522 786 φεράμενοι,
542 697 598 759 καδ
612 696 645 769 ἒς
662 690 720 777 τὴν
735 686 896 754 θάλατταν
922 684 1088 772 κατωκάρα
1104 684 1311 765 ε’κπάττοντες,
1326 680 1435 747 άπάλ-

342 805 451 875 λυντο,
480 790 712 880 ἐμφορούμενοι
732 789 789 852 τού
806 783 930 873 potatu
964 785 1097 869 ἐπῆρται
1119 780 1179 870 γάρ
1204 808 1271 860 πως
1295 783 1437 847 ἑνταύθα

340 896 361 981 ἡ
379 892 473 977 ἀκτὴ,
495 893 550 955 καί
564 885 669 973 τύσπερ
688 883 847 973 γεάλοφόν
864 910 897 947 τι
915 883 1073 966 (inardet,
1103 882 1139 947 οδ
1162 878 1361 963 πανταχόθεν
1374 884 1454 961 βα-5

339 990 392 1059 τόν
417 1016 450 1055 τε
475 992 530 1055 κατ’
551 989 738 1072 ἐπίδρομον,
772 984 848 1049 odat
867 977 932 1049 οἷον
952 990 1016 1057 τοῖς
1039 983 1091 1046 ἐπ’
1117 973 1216 1067 άκρου
1241 982 1434 1064 γιγνομένοις

341 1090 487 1167 εὐκόλους
505 1090 656 1173 παρέχειν
670 1082 728 1163 τάς
744 1083 924 1167 ἀναβάσεις,
938 1081 1009 1146 ἄλλ’
1025 1080 1205 1167 ὀλισθηρὸν,
1217 1080 1262 1157 οός
1271 1078 1311 1145 τά
1324 1079 1433 1163 πολλοὶ,

341 1193 396 1255 καί
412 1189 610 1275 σηραγγτδδες
625 1186 681 1249 κατ’
705 1187 737 1260 ἐς
752 1181 786 1248 τό
804 1182 1026 1265 βαθυνόμενον
1046 1182 1100 1266 τῆς
1117 1182 1264 1266 ῥηγμῖνος
1279 1182 1433 1245 ἐπικεκλι-

316 1311 340 1365 1)
346 1290 449 1371 μένον.
470 1282 550 1350 οδτω
568 1283 605 1369 δὴ
622 1276 679 1348 σύν
697 1284 760 1347 τῶν
781 1279 936 1345 πλείστων
952 1280 1241 1366 διαφθειρομένων,
1269 1278 1432 1363 καθορῶν-

338 1412 390 1464 τες
408 1383 437 1449 οἱ
456 1378 545 1448 άλλοι
558 1380 676 1469 ἔφυγον
688 1381 794 1444 οδδενί
805 1376 919 1467 κόσμῳ,
937 1384 996 1467 βοῇ
1011 1403 1045 1442 τε
1061 1377 1119 1457 ξύν
1129 1378 1226 1463 πολλῇ
1239 1379 1296 1440 κατ’
1310 1378 1431 1461 οἰμωγῇ
1436 1395 1475 1437 ιο

338 1482 403 1552 άνά
420 1481 454 1549 τό
472 1480 679 1568 στρατόπεδον
694 1476 895 1561 εἰσπεσόντες,
918 1478 1062 1563 θορύβου
1078 1478 1132 1541 καδ
1144 1478 1285 1563 ταραχῆς
1303 1471 1430 1539 ἅπαντα

338 1584 493 1668 ἔπλησαν,
515 1580 559 1656 ὥς
581 1580 692 1643 αὐτίκα
708 1574 796 1658 μάλα
811 1580 874 1642 τοόν
897 1574 1070 1659 Ῥωμαίων
1087 1577 1348 1656 ἕπελευσομὲνων.
1369 1573 1430 1637 αδ-

337 1681 391 1759 τός
416 1704 451 1745 τε
473 1678 511 1763 δὴ
530 1670 586 1744 ούν
606 1676 772 1763 Λεύδαρις
792 1676 972 1741 διανίστατο
997 1678 1030 1751 ἐς
1055 1673 1247 1760 παράταξιν,
1274 1675 1330 1737 καί
1345 1669 1430 1737 άπαν

336 1779 370 1845 τό
388 1766 572 1865 στράτευμα
589 1780 726 1842 ἐκινεῖτο·
754 1774 811 1839 καί
835 1776 959 1856 τοίνυν,
981 1769 1188 1856 ἀναλαβόντες
1210 1771 1249 1838 τά
1274 1766 1374 1854 δ’πλα,
1395 1773 1431 1847 ἒς

336 1874 481 1965 φάλαγγα
496 1876 699 1956 καδάτταντο,
720 1871 856 1958 βαθεῑάν
876 1899 911 1938 τε
934 1878 990 1939 κατ’
1008 1876 1141 1956 ἒπιμέγα
1161 1874 1473 1959 παρατεταμένηνιδ

335 1978 370 2040 ἕν
394 1976 517 2051 τούτοις
541 1976 575 2039 δὲ
604 1974 706 2039 αὐτῶν
730 1973 948 2039 καταστάντων
954 2023 964 2054 ,
1001 1976 1056 2037 καί
1078 1972 1172 2037 ούδὲν
1195 1971 1306 2037 ότιούν-
1324 1972 1430 2048 αύτοῖς

335 2076 441 2160 ἕτερον
458 2075 492 2138 ἐν
509 2074 551 2161 νῷ
568 2075 718 2136 τίθεσθαι
735 2073 925 2159 παρέχοντος
946 2074 1003 2137 τού
1015 2076 1136 2159 καιρού,
1158 2072 1189 2136 οἱ
1205 2079 1345 2136 πλεῖστοι
1365 2073 1431 2135 τῶν

333 2170 542 2255 αἰχμαλώτων
556 2167 755 2257 Νάφύλακτοι
784 2172 905 2257 άδρύον
930 2175 1144 2257 γεγενημένοι,
1186 2170 1368 2258 ἀπεχρῶντο
1392 2171 1431 2235 ἓν

334 2272 437 2335 δέοντι
450 2272 488 2357 τῇ
504 2271 568 2334 τεόν
581 2272 739 2350 πολεμίων
755 2271 900 2359 άσχολίρ·
917 2272 1014 2335 αύτυί
1027 2294 1062 2333 τε
1075 2268 1137 2357 γάρ
1152 2269 1197 2348 ὥς
1213 2268 1428 2354 τάχισταιδιε-

336 2370 506 2455 δι’δρασκον
515 2420 526 2449 ,
548 2366 604 2432 καί
617 2370 681 2433 τοῖν
699 2369 853 2456 λαφύρων
868 2368 970 2435 ὁπόσα
989 2365 1053 2437 οἶόν
1070 2394 1105 2436 τε
1122 2363 1161 2456 ἦν
1182 2372 1216 2448 ἐς
1230 2367 1268 2435 τά
1288 2366 1471 2455 ε’χόμενακο

246 2493 272 2544 p,
291 2490 326 2550 33
338 2466 475 2555 φρούρια
496 2465 685 2548 διεκόμισαν.
1356 2528 1359 2535 ,

244 2587 275 2640 v,
290 2588 324 2641 28
414 2565 452 2650 γ’.
470 2559 555 2628 Ἐπεὶ
570 2567 605 2628 δὲ
620 2560 818 2654 Ἀρταβάνης
835 2593 868 2633 τε
878 2568 934 2634 καί
941 2561 1082 2654 Ούλδαχ,
1098 2563 1194 2662 ρ’όοντο
1206 2568 1264 2658 γάρ
1276 2561 1427 2647 ούκάξιό-

406 2700 431 2737 2.
453 2682 528 2734 Suid.
548 2701 567 2735 s.
586 2701 610 2736 ν.
630 2687 796 2756 κατωκάραε
822 2687 854 2740 ἐκ
874 2692 928 2742 τοῦ
944 2692 1074 2760 πρανοῦς
1093 2689 1344 2762 ύποφαινόμενοι,
1361 2707 1425 2742 mox

402 2753 418 2805 i
441 2755 600 2826 πίπτρντες.
677 2760 701 2812 3.
719 2757 874 2811 θάλασσαν
892 2760 964 2829 vulg.
1032 2765 1058 2814 6.
1077 2760 1238 2834 ἐπίδρομον
1252 2764 1301 2827 u,
1325 2759 1425 2812 εάεπί-

403 2769 515 2893 άόομον
538 2826 607 2894 vulg.
679 2846 702 2897 7.
723 2826 883 2895 ἀναβάσεις.
900 2831 985 2900 Intpr.
1010 2829 1178 2895 descensum,
1202 2831 1285 2902 Lugd.
1303 2850 1354 2902 mg.
1383 2832 1422 2881 ἴσ.

402 2891 578 2977 καταβάσεις,
634 2917 671 2954 ιο.
696 2898 825 2970 ἔφευγον
842 2902 871 2966 Β,
929 2917 966 2953 sn.
985 2898 1089 2953 αὐτίκα
1105 2904 1162 2956 τῶν
1177 2901 1326 2972 Ῥωμαίων
1345 2898 1424 2974 μάλα

403 2963 432 3015 ll.
503 2961 592 3025 αδτος
609 2964 642 3034 δὴ
662 2970 691 3020 Β.
768 2987 810 3023 aa.
832 2967 967 3039 Οδάλδαχ
988 2973 1018 3024 li.
1060 2967 1119 3042 γάρ
1138 2972 1280 3050 intexti.

335 3126 395 3162 eum
418 3118 563 3180 praenrpta
587 3112 688 3164 littoris
712 3115 873 3183 praecipitia
895 3115 1132 3180 conscendissent,
1154 3118 1185 3168 in
1200 3115 1306 3168 declive
1326 3113 1422 3182 delati,

332 3181 471 3251 pronique
488 3183 518 3233 in
533 3199 606 3232 mare
620 3183 769 3251 provoluti,
793 3193 821 3236 et
841 3186 969 3254 procellis
986 3187 1095 3255 abrepti
1111 3189 1261 3257 perierunt.
1298 3187 1422 3256 Subrigit

334 3251 407 3303 enim
426 3268 455 3301 se
473 3252 670 3320 quodammodo
683 3269 714 3304 ea
729 3263 806 3323 parte
819 3257 916 3320 littus,
940 3264 968 3308 et
984 3258 1071 3310 veluti
1082 3259 1178 3310 collem
1196 3256 1331 3327 quendam
1347 3258 1422 3322 facit,

332 3337 389 3373 non
403 3324 477 3372 omni
495 3338 528 3372 ex
543 3331 620 3392 parte
635 3326 822 3378 accessibilem
841 3335 869 3378 et
886 3329 1019 3397 pervium,
1037 3330 1150 3397 quique,
1166 3328 1215 3380 ubi
1229 3330 1259 3378 in
1277 3330 1335 3379 eius
1347 3345 1423 3380 sum-

333 3392 456 3443 mitatem
473 3399 584 3445 vcntum
601 3393 694 3456 fuerit,
714 3413 885 3465 nequaquam
899 3398 1006 3449 facilem
1026 3400 1156 3466 praebeat
1178 3398 1352 3460 descensum
1370 3398 1420 3450 sed

333 3461 449 3514 maxima
473 3463 515 3513 sui
529 3469 606 3530 parte
620 3465 789 3532 praecipitiis
808 3467 842 3518 ad
857 3468 962 3536 lapsum
979 3469 1146 3536 proclivibus
1160 3477 1189 3520 ct
1205 3469 1349 3522 hiantibus
1365 3468 1419 3518 ob-

332 3533 460 3594 noxium,
480 3539 508 3582 ct
524 3533 555 3582 in
571 3534 777 3600 profundiorem
797 3539 877 3587 maris
897 3538 1064 3605 crepidinem
1082 3547 1248 3609 vergentem.
1283 3540 1339 3592 Alii
1362 3540 1419 3589 ita-

333 3617 388 3670 que
400 3602 611 3671 qnamplurimos
624 3605 662 3654 ita
672 3613 818 3671 pereuntes
836 3609 1002 3674 conspicati,
1027 3609 1130 3678 absque
1151 3609 1208 3660 ullo
1226 3608 1322 3660 ordine
1336 3609 1418 3676 iuge-

334 3679 416 3735 runt,
435 3682 535 3726 etcum
550 3674 654 3740 ingenti
674 3675 789 3727 clamore
806 3683 888 3745 atque
904 3678 1007 3730 eiulatu
1027 3679 1062 3730 ad
1081 3681 1229 3730 exereitum
1245 3679 1329 3730 delati
1350 3695 1419 3746 por-

334 3742 491 3796 turbatione
506 3751 533 3795 et
544 3744 663 3794 tumultu
680 3747 771 3796 omnis
791 3747 957 3813 implerunt,
975 3756 1007 3800 ut
1022 3751 1130 3801 iamiam
1150 3747 1340 3818 ingruentibus
1359 3751 1417 3799 Ro-

334 3813 430 3865 manis.
467 3811 609 3866 Leutharis
628 3831 692 3866 vero
712 3815 746 3866 ad
763 3817 899 3885 proelium
919 3835 949 3870 se
961 3835 1131 3888 comparans,
1148 3836 1254 3871 omnem
1269 3819 1421 3870 exercitum

334 3882 468 3934 movebat.
504 3884 549 3936 Illi
561 3885 675 3952 arreptis
690 3887 769 3936 armis
785 3887 870 3938 aciem
885 3889 1075 3954 instruebant,
1098 3890 1209 3942 densam
1226 3891 1328 3958 pariter
1339 3897 1368 3940 et
1387 3891 1420 3942 in

333 3950 444 4019 longum
459 3962 620 4019 protensam.
657 3954 715 4006 Hoc
731 3973 793 4026 ergo
808 3966 887 4026 pacto
904 3962 1059 4012 constitutis
1078 3961 1154 4030 ipsis,
1173 3977 1263 4029 neque
1282 3966 1420 4028 opportu-

334 4020 412 4072 niore
431 4024 546 4076 consilio
566 4027 596 4078 in
615 4033 733 4078 mentem
752 4029 892 4092 veniente,
912 4028 1023 4097 plurimi
1041 4033 1139 4101 captivi
1164 4029 1326 4082 incustoditi
1349 4030 1422 4082 reli·

334 4091 382 4154 cti,
399 4091 519 4142 hostium
537 4097 714 4164 occupatione
732 4106 885 4168 opportune
902 4101 962 4164 usi,
980 4118 1060 4172 qnam
1080 4103 1219 4154 celerrime
1237 4101 1423 4169 aufugerunt,

332 4168 364 4236 et
379 4161 511 4234 quioquid
528 4171 656 4231 poterant
674 4169 822 4236 spoliorum
838 4171 868 4222 in
886 4173 1009 4239 proxima
1027 4173 1137 4226 castella
1151 4171 1357 4224 transtulerunt

404 4234 428 4286 3.
466 4232 538 4289 Cum
550 4249 615 4290 vero
630 4237 781 4293 Armbanes
794 4240 875 4293 simul
897 4248 925 4293 et
944 4241 1047 4297 Uldacb
1063 4246 1181 4313 impares
1201 4257 1262 4296 sese
1284 4239 1425 4297 commit-
