3109 4950
348 293 431 384 318
776 316 984 386 cosmus

210 478 403 564 οαὸλοκοί
420 467 619 561 άσύμφορον.
645 472 759 540 ούκούν
770 473 806 539 τὸ
823 477 883 556 μὲν
902 469 995 539 ὅλον*
1015 472 1070 558 τῆς
1089 473 1126 538 δὲ
1142 472 1182 538 ,τά
1198 475 1359 556 βέλτιστον
1374 479 1424 554 ἐξ·
1512 515 1513 538 t

244 567 541 660 Ι·Ηάιρούμενοι,
562 571 618 638 καὶ
632 575 784 658 φρονήσει
803 570 839 640 τὸ
859 575 1038 657 κατορθοῦν
1060 570 1302 655 άναμιγνύντες,
1329 573 1424 654 ἴωμεν

318 668 432 738 codron
454 668 514 738 σύν
541 671 704 759 ποβρηοῖρ
727 669 806 736 κατὰ
831 673 895 736 τάν
919 673 1101 752 δυσμενῶν,
1136 671 1179 746 οἷς
1204 670 1328 746 ούδενδς
1351 669 1425 756 ἡμῖν
1512 673 1513 684 ’

344 772 405 836 τῶν
425 767 554 836 δεόντων
580 771 817 856 περιοφθέντος.
847 771 1009 853 γινώσκειν
1034 767 1093 855 γάρ
1113 766 1209 851 μόνον
1232 769 1353 856 χρεών,
1381 769 1426 844 ὡς
1512 767 1513 840 J

243 869 530 955 Ὺιιιράγωνιστέον
556 864 636 953 πρὸς
657 860 773 954 ἄνδρας
798 868 999 954 βαρβάρους,
1038 869 1159 932 ἐπιέναι
1174 869 1234 948 μὲν
1254 867 1443 956 ληστρικάὸ

342 989 433 1053 τερον
457 968 671 1048 εἰθισμένους,
692 965 747 1030 καῖ
766 965 925 1052 λαθραίοις
939 964 1075 1053 ἐφόδους
1089 969 1248 1030 ποιεῖσθαι
1255 1016 1265 1046 ,
1290 963 1368 1051 πρὸς
1389 968 1426 1030 δὲ
1512 987 1513 1024 ;

343 1068 533 1153 παρατάξεις
558 1069 711 1151 ἐμφανεῖς
742 1057 781 1128 ού
812 1062 898 1146 μάλα
924 1066 1196 1148 γεγυμνασμένους
1208 1115 1217 1144 ,
1254 1063 1329 1128 ούδὲ
1356 1073 1425 1140 ταῖς
1512 1137 1513 1146 ,

343 1172 537 1245 συμπλοκαῖς
553 1166 750 1250 ἐγκαρτερεῖν
762 1165 1000 1238 παιδευθέντας.
1022 1161 1154 1248 ὁρῶντες
1170 1165 1206 1228 δὲ
1219 1164 1275 1228 νῦν
1288 1164 1422 1228 σταδίαν

271 1336 277 1340 ,
341 1261 449 1346 μαχην
465 1268 532 1328 κατ’
548 1260 653 1326 iurato
670 1263 978 1346 παρεσκευασμένην,
999 1259 1162 1347 ἐρυμάτων
1192 1284 1225 1325 τε
1259 1263 1313 1325 καὶ
1336 1285 1425 1347 περι·
1512 1317 1513 1326 2

343 1361 446 1444 βάλων
461 1358 548 1436 ἐκτὸς
566 1357 603 1426 τά
630 1360 837 1425 άκτιστατούν
857 1357 913 1424 καῖ
932 1354 1128 1440 ύμονύμενον
1144 1357 1198 1422 ἐπὶ
1213 1361 1461 1446 στρατοπέδουιο

343 1463 605 1543 συντεταγμένον,
640 1453 833 1539 άποβοιλοῦσι
857 1461 917 1538 μὲν
934 1456 1014 1524 κατά
1039 1455 1073 1522 τά
1105 1455 1188 1533 εἰκός
1218 1456 1258 1522 τά
1284 1463 1427 1522 σονειθι-
1512 1495 1513 1540 η

308 1561 456 1639 Βσμένα·
482 1544 751 1642 περιαχθησονται
769 1559 806 1622 δὲ
828 1555 905 1640 πρὸς
922 1557 958 1621 rt
984 1557 1117 1638 ἐμμίξαι
1136 1554 1190 1620 καὶ
1210 1556 1428 1642 προσπελάσαι
1512 1555 1513 1620 λ

344 1659 400 1722 καί
417 1656 574 1739 συστάδην
597 1653 860 1738 διαγωνίζεσθαι,
893 1656 1098 1739 διδασκούσης
1115 1653 1232 1730 αύτούς
1255 1658 1308 1738 τῆς
1330 1655 1428 1736 άνύγ-
1512 1641 1513 1666 ¹

344 1780 409 1840 κης·
438 1753 518 1839 πλην
546 1752 629 1818 α’λλά
654 1749 902 1839 σωφρονούντων
930 1753 1020 1837 ἡμῶν
1046 1753 1102 1817 καὶ
1125 1757 1166 1840 τῇ
1192 1753 1309 1842 πατράρ
1342 1751 1428 1829 τάξει

342 1854 532 1939 χρωμένων,
569 1851 625 1916 καί
640 1856 709 1934 μετ’
729 1846 897 1935 εὐβουλίας
921 1854 975 1916 ἐπὶ
997 1849 1037 1918 τά
1062 1854 1201 1938 πρακτέα
1227 1850 1460 1936 χωρούντωνμέ

342 1951 481 2016 εἴσονται
504 1950 557 2014 διά
579 1954 636 2035 τῆς
649 1953 769 2036 πειρας,
793 1949 837 2025 ὥς
857 1953 903 2039 τῷ
922 1953 1019 2016 παντὶ
1042 1959 1182 2036 κρεῖττον
1200 1948 1253 2014 des*
1274 1949 1308 2014 τὸ
1328 1976 1426 2037 προη-

342 2053 495 2134 σκημένον
524 2047 580 2115 καὶ
614 2049 648 2114 τὸ
670 2045 861 2136 αύθαῖρετον
883 2052 941 2114 τού
974 2047 1181 2132 αύτοσχεδέου
1210 2048 1265 2114 καί
1288 2049 1427 2136 ἠναγκα-

342 2150 489 2230 σμένουοη
1242 2163 1245 2169 ·

425 2245 479 2312 ιθ.
524 2252 670 2315 Τοσαῦτα
689 2252 749 2332 μὲν
767 2249 786 2314 ὅ
798 2249 988 2336 Βελιοάριος
1014 2242 1108 2316 εἶπεν.
1150 2244 1179 2312 οἳ
1209 2251 1245 2314 δὲ
1272 2250 1428 2332 στρατιά,

344 2373 397 2414 τοι
417 2345 654 2430 μεταμαθύκτες
677 2346 713 2413 τά
729 2349 825 2435 λῷον,
855 2345 974 2431 εἴχοντο
988 2351 1048 2430 μὲν
1069 2344 1124 2412 καῖ
1139 2345 1182 2422 ύδς
1205 2351 1261 2432 τῆς
1280 2343 1461 2429 οἷνδρῖαςμο

346 2448 441 2513 πλέον
462 2447 547 2511 δέτι
563 2441 603 2533 ἧν
626 2449 660 2513 ἐν
675 2441 787 2524 αύτοῖς
807 2450 863 2511 τού
880 2449 1096 2533 γαυρουμένου
1121 2445 1157 2511 τὸ
1179 2444 1426 2527 εύλαβούμενον.

415 2610 440 2648 ι.
456 2578 489 2641 εδ
504 2589 560 2661 μὲν
586 2585 654 2640 ὅλον
669 2587 719 2651 τῆς
736 2585 768 2640 ct
785 2590 831 2651 lt,
849 2591 931 2709 Intpr.
951 2592 1084 2657 quocirca
1104 2608 1137 2645 ox
1157 2608 1191 2643 εο
1209 2590 1269 2661 ipsa
1279 2604 1357 2709 guae
1374 2606 1426 2656 po·

413 2661 490 2713 tiore
507 2656 731 2729 suntdcligendo,
752 2656 890 2710 οδκοῦντ
928 2660 982 2729 μὲν
996 2660 1069 2732 (lac.)
1090 2652 1122 2713 τὸ
1145 2660 1200 2728 stt.
1221 2661 1278 2727 Lug
1299 2700 1305 2713 .
1325 2665 1354 2708 et
1382 2658 1424 2707 ed.

434 2748 465 2792 r,
486 2728 595 2781 ου’κοῠν
613 2730 663 2792 τῆς
689 2728 744 2797 μὲν
769 2726 859 2797 ὀργῆς
875 2725 907 2779 τά
925 2729 977 2796 βέλ.
997 2731 1053 2781 Par.
1124 2731 1148 2785 5.
1167 2729 1349 2799 ἀγωνιστέων
1365 2726 1424 2796 spb.

413 2748 472 2853 Bar.
528 2800 565 2851 16.
585 2801 795 2869 προσκείμενον
813 2800 841 2849 R.
893 2816 931 2869 ιγ.
951 2801 1101 2872 αναίρετον
1118 2802 1147 2851 R.
1184 2818 1225 2855 ου.
1242 2796 1383 2869 ἀνδρείαςι
1396 2800 1425 2849 R.

344 2958 480 3029 Quocirca
510 2957 540 3010 id
559 2957 634 3029 quod
649 2957 679 3009 in
702 2959 742 3011 ira
761 2966 803 3011 est
820 2961 951 3029 optimum
977 2959 1141 3031 deligentes,
1159 2958 1361 3030 prudentiaque
1383 2972 1428 3009 res

345 3029 474 3100 gerendas
491 3037 687 3097 temperantes,
707 3030 745 3081 ita
762 3030 871 3081 demum
891 3030 1006 3083 tidenter
1024 3034 1053 3083 in
1079 3032 1184 3083 bostem
1203 3047 1303 3092 eamus,
1322 3029 1427 3097 quippe

346 3102 396 3171 qui
418 3099 490 3151 nihil
515 3116 623 3162 eorum,
647 3116 717 3170 quae
733 3101 885 3153 necessaria
911 3109 982 3161 sunt,
999 3103 1204 3171 neglexerimus.
1241 3102 1299 3151 Hoc
1316 3107 1428 3149 tantum

345 3172 458 3223 sciamus
483 3178 606 3239 oportet,
631 3169 824 3221 decertandum
847 3170 927 3222 uobis
948 3187 1004 3223 esse
1032 3189 1092 3223 cnm
1110 3172 1267 3223 bominibus
1290 3168 1429 3230 barbaris,

345 3242 395 3311 qui
412 3239 580 3310 praedonum
598 3242 627 3291 in
644 3256 746 3291 morem
772 3241 873 3293 adoriri
897 3242 1074 3311 occultosque
1098 3243 1215 3294 insultus
1242 3242 1331 3293 iacere
1356 3256 1429 3290 con-

345 3318 507 3372 sueverunt,
525 3311 559 3361 ad
576 3318 669 3379 aperta
686 3326 750 3361 vero
767 3312 873 3380 proelia
890 3328 946 3362 non
963 3312 1109 3364 admodum
1126 3320 1190 3363 sunt
1204 3310 1355 3371 exercitati,
1375 3326 1430 3359 ne-

346 3396 400 3451 qne
419 3380 449 3430 in
466 3379 635 3432 conflictibus
653 3380 800 3446 perdurare
817 3380 899 3433 docti.
923 3382 1002 3433 Nunc
1018 3391 1107 3434 antem
1127 3390 1266 3434 cernentes
1284 3381 1431 3431 statarium

346 3466 465 3521 pugnam
482 3451 510 3500 in
527 3467 556 3502 se
573 3452 713 3520 apparari,
731 3460 760 3503 et
776 3460 851 3503 extra
869 3450 970 3502 vellum
991 3453 1190 3523 propugnacula
1211 3461 1239 3504 et
1257 3466 1349 3500 muros
1372 3452 1432 3500 vim

347 3537 454 3574 omnem
472 3520 623 3572 obsistendi
641 3537 673 3571 ac
685 3521 864 3589 propulsandi
881 3522 909 3571 in
926 3525 1045 3575 exercitu
1063 3525 1254 3584 constitutam,
1271 3520 1432 3587 deposituri

347 3599 412 3643 sunt
427 3590 612 3643 verisimiliter
632 3599 750 3641 veterem
764 3588 851 3643 'suam
873 3593 1111 3657 consuetudinem,
1138 3608 1225 3663 eoque
1245 3589 1432 3649 adducentur,

347 3668 380 3713 ut
395 3663 536 3713 nobiscum
557 3661 720 3713 misceantur
746 3668 774 3712 et
797 3662 894 3714 collato
918 3662 988 3729 pede
1011 3665 1092 3715 armis
1119 3662 1282 3725 decernant,
1307 3660 1431 3711 docente

346 3732 421 3798 ipsos
440 3733 611 3787 necessitate.
646 3730 731 3782 Vobis
756 3746 821 3783 vero
843 3731 992 3800 prudenter
1006 3750 1064 3790 rem
1091 3733 1248 3803 gerentibus
1278 3732 1432 3799 patrioque

348 3799 445 3852 ordine
469 3819 501 3853 ae
525 3799 669 3869 disciplina
691 3801 833 3854 utentibus
861 3802 1035 3873 actionesque
1067 3812 1173 3856 nostras
1198 3810 1271 3855 recto
1306 3802 1431 3852 consilio

346 3870 567 3935 moderantibus,
578 3877 740 3941 cognoscent
752 3872 852 3941 reipsa,
868 3881 970 3941 quanto
978 3874 1017 3937 id,
1030 3873 1105 3945 quod
1118 3874 1433 3926 exercitbtionenostra·

348 3955 402 4009 que
431 3942 571 3993 voluntate
596 3950 624 3993 et
646 3940 736 3993 studio
762 3950 807 3994 est
830 3945 1008 4014 acquisitum,
1033 3960 1066 3996 ex
1093 3945 1257 4015 temporario
1281 3948 1311 3993 et
1331 3949 1433 3993 coacto

347 4022 452 4075 semper
466 4012 502 4061 sit
518 4012 723 4078 praestantius.“
761 4070 766 4077 ¹

420 4096 458 4151 ιφ
493 4079 543 4131 His
561 4082 640 4134 dietis
657 4082 802 4135 belisarius
820 4082 902 4134 finem
919 4083 999 4137 ¹feeit,
1036 4080 1151 4136 Romani
1167 4098 1231 4137 vero
1259 4082 1432 4149 resipiscen-

346 4156 401 4211 tes,
429 4150 601 4203 retinuerunt
623 4152 734 4220 quidem
761 4154 843 4204 etiam
870 4156 907 4206 ita
929 4153 1135 4219 fortitudinem,
1151 4154 1306 4224 plusculum
1330 4160 1432 4202 tamen

348 4218 416 4288 quid
439 4222 481 4272 eis
497 4221 588 4272 inerat
608 4221 865 4294 circumpectionis,
886 4240 968 4295 quam
986 4225 1145 4289 iactantiae,
1169 4233 1197 4278 et
1211 4224 1261 4277 tali
1285 4223 1345 4274 fere
1364 4222 1432 4273 ani·
