3109 4950
610 628 1058 696 ΠΡΟΟΙΜΙΟΝ.

153 829 290 888 Εδ.Ρει·.1
351 829 426 899 atio
445 831 504 914 μέν
524 856 556 924 τι
573 833 682 918 χρῆμα
702 827 757 906 καί
786 823 940 912 εόδαιμον
960 839 1043 897 νῖκαι
1062 835 1205 914 πολέμων
1225 837 1279 899 καί
1297 833 1370 921 τρό-
1446 837 1453 848 ’

151 935 400 1013 Ed.Ven.5nata,
431 929 551 995 πόλειόν
576 954 611 994 τε
639 930 817 1010 όνοικισμοί
840 929 896 993 καί
917 931 1129 1013 ἆγλαίσματα,
1158 931 1214 995 καί
1241 929 1362 998 ἅπαντα

297 1029 401 1095 όπόσα
418 1028 539 1112 μεγάλα
556 1053 590 1093 τε
610 1031 664 1092 καί
680 1027 854 1110 όξιόγαστα
878 1025 963 1114 ἔργα.
983 1035 1080 1093 ταῦτα
1097 1032 1132 1095 δὲ
1151 1029 1206 1094 καί
1224 1030 1265 1094 τό
1286 1030 1372 1096 τοιό-

264 1117 267 1123 Ᾰ
298 1133 333 1195 δε
350 1127 443 1206 δόξαν
455 1130 515 1208 μέν
530 1129 601 1193 τινα
625 1128 679 1190 καί
698 1124 810 1210 ἡδονήν
830 1134 893 1200 τοῖς
909 1133 1114 1211 κτησαμένοις
1138 1126 1262 1210 ἐπόγει,
1292 1130 1370 1192 αἶπο-

297 1231 405 1310 βιοῦσι
428 1228 463 1290 δὲ
490 1219 599 1298 adroic
622 1222 677 1288 καί
698 1226 798 1288 ἐκεῖσε
825 1224 999 1306 οἶχομένοις
1018 1218 1087 1288 adn
1103 1225 1190 1306 μάλα
1208 1226 1391 1301 ἐθέλουσινό

297 1327 440 1404 ἕπεσθαι,
462 1320 542 1386 ἀλλὰ
558 1323 612 1386 καί
628 1319 711 1405 λήθη
727 1323 971 1407 παρεμπεσοῦσα
984 1323 1186 1386 ἐπικαλύπτει
1201 1325 1256 1386 καί
1269 1349 1373 1410 παραρ

239 1423 405 1505 Perusinas
421 1417 478 1494 τοὶς
494 1419 625 1503 ἀληθεῖς
643 1421 706 1483 τῶν
730 1418 872 1504 πράξεων
889 1417 1075 1500 ἀποβάσεις·
1094 1411 1155 1503 ήδη
1178 1423 1213 1484 δὲ
1233 1424 1288 1484 καί
1310 1422 1373 1484 τῶν

302 1520 520 1599 ἐπισταμένων
536 1519 752 1600 οἷποβιοόνταν
760 1568 770 1598 ,
792 1516 910 1599 οἴχεται
926 1516 981 1580 καί
997 1517 1212 1604 διαδιδράσκει
1230 1520 1374 1602 ήγνῶσις

297 1615 358 1682 σόν
382 1611 491 1690 αότοῖς
514 1619 714 1699 σβεννυμένη.
745 1612 846 1690 οὕτως
870 1609 933 1700 ἆρα
965 1615 1071 1699 μνήμη
1098 1615 1199 1699 γυμνή
1224 1611 1373 1699 οἷνόνητόν

296 1741 330 1780 τι
356 1714 411 1780 καί
437 1715 475 1778 od
500 1714 652 1795 μόνιμον,
675 1715 750 1776 οόδὲ
778 1715 819 1800 τῷ
842 1717 952 1804 μακρῷ
968 1717 1213 1778 συνεκτείνεσδαι
1235 1717 1415 1799 πίφακενιο

297 1811 411 1902 χρόνῳ.
452 1811 507 1876 καί
527 1813 584 1875 οὐκ
613 1806 652 1876 δν
678 1808 766 1892 οἶμαι
793 1805 814 1896 ή
846 1815 997 1897 πατρίδος
1018 1809 1268 1896 προκινδυνεύειν
1296 1811 1374 1875 ἔνιοι

297 1905 452 1993 ἔγνωσαν,
471 1902 492 1994 ἢ
510 1902 623 1984 ἄλλους
632 1903 844 1991 όναδέχεσθαι
860 1910 990 1989 πόνους,
1005 1903 1044 1972 ed
1059 1908 1186 1990 εἰδότες,
1207 1908 1260 1988 ὥς,
1277 1907 1376 1972 εἶκαὶ

277 2007 429 2094 Βσφόδρα
458 2009 591 2091 μέγιστα
620 2005 787 2092 δρόσαιεν,
807 2013 1024 2072 συναπολεῖται
1038 2005 1071 2071 τό
1092 2010 1178 2079 κλέος
1198 1999 1302 2081 αότοῖς
1321 2007 1375 2070 καί

304 2106 550 2193 διαρρυήσεται,
577 2107 664 2194 μόνῳ
691 2107 734 2193 τῷ
757 2105 816 2193 ecto
845 2106 949 2169 αόταῖν
969 2106 1249 2190 ἐκμεμετρημενον·
1279 2104 1309 2167 εἰ
1327 2103 1374 2186 μή

298 2230 346 2281 τις
352 2257 362 2286 ,
385 2205 428 2280 ὥς
448 2200 548 2285 ἔοικε,
569 2207 643 2267 θεία
663 2203 841 2288 προμήθεια
855 2200 891 2266 τό
914 2198 1044 2277 ἀσθενὲς
1059 2207 1112 2285 τῆς
1128 2203 1253 2286 φύσεως
1278 2201 1414 2286 dead-15

302 2282 448 2387 ῥωννόσα
476 2300 516 2367 τό
535 2301 579 2367 ἐνί
594 2305 651 2386 τής
679 2299 820 2387 ἱστορίας
835 2298 1034 2382 ἐπεισήγαγεν
1052 2297 1158 2381 ἀγαθὰ
1177 2299 1232 2364 καί
1247 2296 1303 2373 τός
1324 2301 1389 2362 ἐν-·

299 2401 392 2464 θένδε
409 2403 546 2474 ἐλπίδας.
588 2400 627 2462 ου’
642 2397 702 2483 γὰρ
723 2395 812 2478 οἶμαι
830 2400 952 2460 κοτίνου
968 2420 1002 2480 γε
1020 2398 1108 2460 ἕνεκα
1132 2394 1187 2459 καί
1206 2398 1325 2460 σελίνου
1345 2395 1385 2458 οἱ·

294 2490 531 2579 Ὀλυμπιονῖκαι
550 2490 672 2580 ἐντοῖς
688 2499 864 2580 κονίστραις
885 2493 1100 2577 ἐναπεδόοντο,
1121 2488 1240 2559 οὖδάό
1254 2492 1283 2557 οἱ
1298 2495 1376 2578 αἰγα-

373 2624 394 2657 ι.
413 2606 549 2674 μίντοιΒ.
607 2621 644 2656 ιο.
666 2606 897 2658 συνεκτείνεσδαι
916 2606 1057 2671 u.,1ntpr.
1077 2604 1203 2666 extendi,
1234 2607 1377 2655 συνεκτεί-
1450 2606 1458 2623 “

367 2688 430 2728 νειν
445 2675 515 2742 vulg.
552 2672 665 2741 ratapant
683 2674 762 2741 vulg„
787 2691 805 2726 ν
821 2665 1027 2741 ἐφελκυστικόν
1047 2675 1100 2725 ut
1120 2681 1148 2725 et
1164 2673 1261 2743 passim
1281 2674 1376 2725 addidi

369 2760 402 2794 ex
419 2745 449 2798 R.
505 2760 541 2794 tt.
562 2738 579 2805 ἧ
596 2740 733 2812 netoides
742 2745 782 2805 R,
802 2744 884 2812 lntpr.
901 2762 953 2814 pro
970 2745 1085 2814 patria,
1104 2745 1175 2815 vulg.
1194 2743 1210 2809 ἢ
1227 2745 1275 2794 καλ
1292 2760 1374 2816 πατρ.

372 2814 411 2866 ι5.
428 2810 620 2883 δναῤῥωνῦσα
636 2814 666 2867 R.

634 2974 1046 3041 PRAEFATIO.

301 3069 457 3175 Praeclara
477 3120 610 3191 quaedam
631 3130 660 3173 et
676 3121 756 3173 beate
773 3123 906 3190 possessio
933 3120 1038 3173 censeri
1056 3125 1148 3188 potest
1164 3120 1293 3175 victoriae
1312 3122 1377 3176 bel-

301 3192 390 3243 iorum
417 3199 445 3242 et
469 3192 613 3260 trophaea,
640 3192 720 3243 urbes
739 3193 866 3243 conditae
885 3198 967 3264 atque
987 3192 1165 3252 instauratae,
1183 3207 1276 3243 omnes
1294 3192 1378 3245 deni-

302 3278 356 3329 que
376 3276 487 3328 magnae
508 3262 736 3330 admirandaeque
755 3280 796 3313 res
815 3271 913 3329 gestae.
947 3262 1036 3329 Atque
1052 3259 1120 3311 haec
1136 3256 1377 3334 quidem'aliaque

302 3329 467 3381 eiuscemodi
484 3340 515 3383 ut
532 3334 648 3383 maxime
666 3333 778 3401 gloriam
795 3333 913 3402 aliquam
927 3332 1149 3399 voluptatemque
1165 3334 1220 3383 auis
1238 3348 1376 3397 possesso·
1412 3352 1426 3367 ν

302 3401 377 3451 ribus
396 3399 535 3462 adferant,
553 3419 631 3471 aegre
650 3411 741 3452 tamen
760 3418 806 3453 eos
825 3420 840 3453 e
860 3403 927 3453 vivis
946 3400 1106 3451 excedentes
1126 3404 1293 3452 comitantur.
1321 3401 1377 3454 Sed

303 3479 331 3522 et
349 3469 450 3521 oblivio
468 3470 650 3537 interveniens
669 3476 780 3523 offuscat
797 3481 878 3541 atque
896 3470 1029 3521 subvertit
1046 3486 1122 3520 veros
1140 3479 1376 3537 rerumgestarum

301 3548 429 3604 eventus,
460 3547 488 3589 et
511 3556 570 3589 cum
595 3542 615 3591 ii
634 3540 686 3607 ipsi
709 3541 756 3611 qui
781 3559 825 3591 eos
849 3549 948 3592 norunt
965 3542 1054 3591 vivere
1071 3539 1228 3602 desierunt,
1246 3542 1377 3593 emoritur
1413 3544 1419 3555 ⁴

302 3610 384 3677 etiam
402 3617 484 3678 atque
501 3611 636 3661 evanescit
653 3628 705 3661 una
724 3627 784 3660 cum
802 3612 868 3679 ipsis
885 3610 1043 3662 hominibus
1059 3626 1149 3659 earum
1163 3626 1251 3661 rerum
1267 3612 1374 3661 notitia.

303 3678 364 3745 Quo
384 3680 429 3739 fit,
448 3686 479 3728 ut
490 3680 562 3730 nuda
576 3680 705 3730 memoria
720 3679 821 3731 fluxum
838 3680 969 3749 quiddam
981 3695 1129 3749 parumque
1142 3680 1247 3729 firmum
1261 3682 1307 3742 sit,
1324 3698 1378 3732 sre-

303 3764 357 3816 que
375 3750 504 3815 temporis¹
520 3748 726 3801 diuturnitatem
738 3749 814 3800 serat
851 3749 946 3820 Neque
963 3767 1026 3802 vero
1043 3750 1160 3817 putarim
1180 3748 1311 3819 quosdam
1328 3759 1379 3802 ant

303 3816 423 3883 pericula
441 3833 488 3883 pro
507 3821 593 3886 patria
612 3818 741 3880 adituros,
763 3827 810 3869 aut
827 3821 894 3870 alios
907 3820 1012 3871 labores
1028 3827 1196 3886 suscepturos
1207 3819 1300 3880 fuisse,
1314 3836 1378 3872 cum

305 3885 412 3947 scirent,
426 3890 597 3954 quantumvis
610 3888 741 3965 maximaq
756 3906 798 3939 res
814 3892 975 3957 gessissent,
994 3890 1142 3958 perituram
1157 3906 1211 3940 una
1234 3905 1294 3939 cum
1310 3888 1380 3957 ipsis
1405 3900 1411 3913 '

307 3962 388 4021 atque
408 3958 580 4009 emorituram
596 3974 702 4011 omnem
728 3974 820 4009 earum
840 3960 965 4028 gloriam,
983 3959 1040 4010 sola
1056 3962 1175 4027 ipsorum
1191 3960 1247 4010 vita
1262 3960 1380 4009 eircum-

306 4025 448 4091 seriptum,
467 4026 518 4076 nisi
532 4028 680 4096 quaedam,
699 4028 740 4079 uti
757 4038 882 4096 apparet,
899 4030 990 4080 divina
1005 4028 1176 4098 providentia
1191 4035 1305 4079 naturae
1324 4026 1380 4078 hu-

306 4108 404 4145 manae
433 4094 634 4151 ssuaihilitatem
660 4098 790 4160 fulciens,
807 4096 937 4150 historiae
954 4099 1073 4162 bouum,
1090 4115 1215 4169 quaeque
1232 4116 1266 4149 ex
1283 4114 1315 4149 ea
1335 4096 1381 4147 af·

307 4163 408 4231 fulget,
431 4164 506 4232 spem
525 4174 596 4218 esset
613 4169 731 4235 elargita.
757 4166 853 4235 Neque
873 4171 961 4230 enim,
980 4168 1113 4230 arbitror,
1133 4168 1242 4220 oleastri
1258 4175 1306 4218 aut
1322 4166 1379 4234 apii

310 4248 389 4286 eausa
411 4233 617 4308 Olympionioae
639 4237 670 4290 iu
692 4252 800 4291 arenam
823 4238 891 4290 nudi
918 4237 1137 4301 descendebant,
1159 4254 1250 4309 neque
1272 4252 1380 4290 rursum
