3109 4950
363 344 449 435 τοῦ,
739 434 741 443 ,
785 368 789 376 ’
823 361 1034 437 telmon

222 537 253 589 λ.
264 536 293 588 C.
304 521 417 599 555τοὶς
430 518 563 605 γνώμας.
586 518 693 604 ἐπειδὴ
709 508 766 583 οῦν
783 515 1007 601 α’πελὴλεγκται
1023 513 1080 579 κατ’
1097 516 1155 580 νῦν
1175 508 1192 577 ό
1212 517 1244 579 Γ
1241 512 1444 598 ουβόζης,ἰῦς

252 607 271 659 Ῑ·
283 608 301 659 ¹·
318 616 469 706 ’θῆνιῦτο
485 624 544 701 μὲν
560 614 607 697 οἷς
622 618 828 704 ἐκρατοῦμεν,
848 610 941 700 ἥδετο
962 616 998 677 δὲ
1018 608 1066 690 οἷς
1085 610 1319 701 ἦμαρτόνομεν,
1346 610 1383 675 σι’
1394 608 1444 696 δή.

362 742 438 783 ποτε
455 718 635 799 καταβοιῦσι
653 718 716 781 totu
733 711 822 801 παρὰ
847 710 1024 795 Ῥωμαίοις
1032 708 1134 795 νόμων
1150 709 1180 775 οἱ
1191 708 1360 797 βάρβαροι,
1375 713 1444 775 καθ’

361 813 418 896 οῦς
436 817 579 896 κολάζειν
598 812 757 895 εἰώθαμεν
781 805 803 897 ἢ
821 810 878 877 κατ’
892 808 1051 897 ἀναιρεῖν,
1084 807 1168 875 οῦτω
1184 808 1361 894 παρασχόν,
1379 807 1446 885 τοῦς

359 918 394 985 τό
418 912 570 991 καθεστὸς
594 918 650 999 τῆς
671 916 829 989 πολιτείας
858 914 1020 987 κινοῦντας
1041 909 1077 976 τό
1097 912 1194 996 μέρος
1215 914 1272 974 καί
1299 916 1462 990 λυμαινο-ξς

360 1021 493 1099 με’νουςς
515 1008 584 1079 ἀλλ’
602 1014 632 1077 εἰ
651 1015 753 1093 δοκεῖ,
776 1008 931 1095 τεκμήρια
947 1012 1008 1091 μὲν
1024 1006 1080 1073 καί
1094 1011 1298 1095 γνωρίσματα
1311 1007 1367 1071 κατ’
1378 1004 1447 1083 τεός

360 1118 396 1181 ἐκ
413 1117 476 1181 τεῦν
492 1110 622 1179 εἰκότων
644 1113 792 1199 ἐλέγχους
813 1110 981 1195 παρῶμεν,
1001 1106 1101 1193 μόνην
1119 1109 1154 1172 δὲ
1171 1104 1230 1190 τὴν
1243 1109 1279 1171 ἐκ
1294 1109 1356 1171 τῶν
1370 1132 1447 1191 πρα-

357 1216 486 1299 γμάτων
503 1209 750 1291 ἐπισκεψώμεθα
766 1216 888 1294 πεῖραν,
910 1200 1008 1293 οὗπερ
1027 1207 1114 1291 ἡμᾶς
1134 1198 1256 1289 ἄγουσα
1276 1208 1379 1292 φέρει.
1395 1230 1448 1267 κα-

361 1314 480 1394 τείχετο
502 1308 563 1395 γὰρ
588 1306 649 1375 ῦπό
674 1310 813 1394 Περσῶν
838 1304 874 1371 τό
900 1305 1093 1393 φροόριονῆ
1121 1299 1316 1391 Ὀνόγουρις,
1346 1308 1381 1370 ἐκ
1399 1305 1449 1388 τῆς

359 1407 441 1475 κατὰ
467 1406 525 1495 τὴν
557 1404 787 1494 Ἀρχαιόπολιν
810 1405 1000 1493 περιοικιθος
1020 1407 1235 1492 παρῃρημένη·
1265 1402 1322 1469 καὶ
1338 1398 1378 1488 ἦν
1399 1399 1481 1473 αἶ-ιο

359 1534 437 1592 σχσς
451 1509 488 1573 οῦ
508 1504 662 1594 φορητόν,
684 1503 869 1592 στράτευμα
887 1507 1040 1587 δυσμενὲς
1053 1504 1128 1570 εἴσω
1145 1505 1319 1591 περιβόλων
1332 1506 1366 1569 ἐν
1385 1513 1447 1578 τοῖς

358 1609 523 1695 ἡμετέροις
546 1604 677 1691 χωρίοις
697 1604 833 1687 βεβαίως
856 1602 1022 1689 ἱδρῦσθαι.
1050 1603 1139 1669 ε’νιίια
1161 1601 1261 1689 βουλὴ
1284 1602 1371 1689 παρὰ
1386 1612 1446 1679 τοῖς

250 1737 253 1745 ’
269 1726 297 1781 Ρ.
311 1728 363 1787 118
370 1711 554 1793 στρατηγοῖς
563 1755 573 1786 ,
595 1706 711 1791 porrois
728 1706 778 1767 ἐπ’
797 1701 917 1777 adroic
931 1698 1047 1771 όπαντι
1060 1706 1104 1792 τῷ
1120 1706 1248 1790 στρατῷ
1256 1754 1265 1782 ,
1287 1704 1343 1765 καὶ
1354 1707 1447 1766 καθε-

358 1814 424 1873 λεῖν
440 1799 468 1889 ἢ
483 1801 538 1867 κατ’
559 1797 752 1867 οἷποόσασθαι
767 1799 804 1867 τό
837 1805 958 1868 λυποῦν
989 1801 1172 1867 ε’κπλείστου
1197 1801 1252 1865 κατ’
1270 1804 1449 1887 ἐφεδρεῦον.

360 1906 426 1971 ἔδει
450 1903 578 1979 πόντιος
601 1902 677 1989 ἡμῖν
696 1902 752 1967 καὶ
774 1905 927 1989 στρατιᾶς
945 1905 1123 1987 Κολχικῆς,
1159 1901 1204 1977 σός
1225 1894 1268 1967 όν
1286 1899 1332 1987 με)
1352 1888 1501 1983 μόνονι5Ι

360 2006 398 2091 τῇ
422 2006 486 2067 τοῦν
507 2004 613 2067 τόπων
637 2004 784 2089 ἐμπειρία
806 2005 901 2067 πλέον
921 2026 953 2065 τι
971 2003 1034 2065 τῶν
1054 1996 1112 2067 οῦκ
1132 2003 1352 2082 ἐπισταμένων
1373 1996 1451 2084 πρός

358 2101 395 2169 τό
415 2110 563 2168 συνοῖσον
580 2104 795 2188 όιανοιγθεῖεν,
823 2096 903 2167 itti
922 2102 978 2165 καί
995 2102 1187 2182 μαχομένοις
1207 2098 1284 2184 ἡμῖν
1302 2096 1382 2186 πρός
1398 2091 1451 2163 όν-

361 2204 440 2287 όρας
455 2200 585 2277 ὁπλίτας
601 2202 635 2279 ἔξ
653 2201 820 2287 ἐρυμάτων
842 2201 1146 2285 παραταττομένοις,
1168 2203 1224 2263 καί
1240 2198 1318 2285 πρός
1332 2223 1366 2282 γε
1380 2194 1451 2273 τοῦς

360 2304 396 2367 ἐκ
417 2298 670 2388 Μουχειρόσιόος
694 2298 773 2365 κατό
792 2299 827 2363 τό
847 2297 930 2375 εἰκός
952 2296 1096 2383 ἥξοντας,
1118 2295 1379 2381 συνεπιλόβοιντο
1398 2301 1454 2362 καί

360 2410 629 2488 συμπαραστοῖεν.
650 2397 686 2464 τί
698 2392 755 2464 οῦν
769 2398 824 2464 ἐπὶ
838 2398 962 2474 τούτοις
979 2397 1043 2461 itta
1063 2394 1210 2486 πράττειν
1223 2396 1297 2477 τοός
1312 2423 1483 2484 στρατη-ιο

359 2501 450 2585 γοόςς
472 2495 663 2584 ἀντιβολεῖν,
684 2499 728 2576 ὥς
742 2497 824 2563 ἔοικε
830 2551 840 2581 ,
861 2497 918 2562 τόν
933 2496 1071 2583 ἡγεμόνα
1089 2501 1283 2582 τοῦγένους,
1303 2500 1359 2562 καί
1374 2497 1452 2586 πρός

431 2655 456 2707 5.
474 2647 617 2708 καθεστός
633 2653 674 2713 lt,
693 2617 838 2708 καθεστώς
856 2650 933 2721 υιιΙρ.
973 2669 999 2720 7.
1017 2648 1119 2720 λόγους
1136 2622 1381 2722 Βριαίλέγχους..
1412 2669 1449 2704 ιο.

430 2725 612 2794 παρῃρημένοι
631 2725 658 2772 R.
670 2732 699 2775 et
711 2724 795 2790 Intpr.
813 2719 932 2782 ademta,
951 2723 1206 2792 anonyma-vulg.
1289 2741 1327 2778 rr.
1345 2720 1451 2794 δυσμε-

429 2791 476 2848 νὲς
493 2795 521 2842 R.
543 2799 571 2844 et
588 2793 673 2859 Intpr.
693 2792 818 2862 hostilem
835 2792 995 2856 exercitum,
1015 2791 1166 2864 δυσμενῶν
1184 2795 1254 2862 vulg.

358 2945 429 2998 mala
451 2947 535 2996 animi
555 2947 706 2998 affectione.
744 2945 812 2998 Cum
832 2946 927 3018 itaque
949 2947 1094 3014 probatum
1111 2948 1147 2998 sit
1164 2947 1248 2998 etiam
1263 2963 1351 3010 nnnc,
1373 2945 1449 3016 quod

361 3017 484 3068 Gubazes
507 3018 587 3070 nobis
607 3018 723 3068 victoria
745 3017 842 3086 potitis
861 3017 991 3079 dolebat,
1012 3018 1036 3068 si
1057 3016 1125 3086 quid
1148 3034 1210 3068 vero
1232 3019 1336 3069 sinistri
1358 3027 1451 3068 nostra

360 3088 442 3157 culpa
456 3090 600 3150 evenisset,
619 3087 769 3157 gaudebat:
790 3087 858 3158 quid
875 3088 956 3156 igitur
965 3089 1092 3140 Romanis
1109 3085 1214 3156 legibus
1229 3089 1380 3138 acclamant
1391 3088 1454 3138 bar·

361 3158 440 3222 bari,
458 3175 492 3210 ex
512 3175 624 3230 quarum
642 3157 808 3227 praescripto
825 3159 924 3227 punire
942 3159 1069 3221 solemus,
1090 3166 1146 3220 aut,
1164 3158 1187 3208 si
1204 3174 1246 3208 res
1265 3159 1303 3208 ita
1320 3160 1453 3227 postulet,

363 3231 446 3282 etiam
467 3247 482 3280 e
503 3231 595 3283 medio
624 3230 744 3292 tollere,
767 3229 816 3298 qui
835 3229 876 3279 rei
895 3229 1023 3297 publicae
1042 3237 1142 3280 statum
1158 3227 1300 3279 turbarent
1324 3238 1453 3298 exparte

362 3309 392 3357 ct
411 3299 625 3354 labefactarent?
659 3299 708 3363 Aa,
727 3302 751 3351 si
763 3299 891 3361 uidetur,
908 3301 984 3368 signa
997 3308 1080 3370 atque
1098 3296 1201 3350 indicia
1218 3298 1454 3370 probationesque

360 3387 395 3422 ex
412 3370 493 3422 rebus
519 3370 712 3424 verisimilibus
757 3372 839 3422 etitas
857 3371 1035 3436 omittamus3
1062 3371 1146 3420 solam
1166 3386 1231 3420 vero
1255 3386 1348 3420 rerum
1377 3370 1455 3440 ipsa-

361 3457 420 3494 rum
439 3443 636 3508 experientiam
656 3388 873 3502 consideremus,
896 3457 1014 3509 quonam
1039 3441 1088 3490 illa
1110 3442 1159 3491 rios
1184 3456 1264 3508 agens
1283 3441 1362 3490 ferat.
1397 3441 1454 3492 Oc·

295 3561 301 3568 ‚
361 3513 513 3581 cupabatur
530 3530 546 3563 a
566 3513 652 3564 Persis
670 3511 904 3582 propugnaculum
923 3510 1075 3580 Onoguris‚
1095 3527 1128 3561 cx
1147 3509 1252 3562 ditione
1269 3509 1455 3580 Archaeopoli

361 3585 535 3636 circumiecta
566 3582 747 3650 ademptum,
776 3586 888 3651 cratque
924 3579 1043 3632 dedecus
1072 3579 1301 3643 intolerandum,
1329 3580 1456 3632 bostium

361 3654 510 3706 ex’ercitum
537 3653 609 3704 intra
636 3669 725 3702 muros
752 3653 852 3702 nostris
881 3652 910 3701 in
934 3651 1003 3702 locis
1022 3650 1115 3702 valide
1138 3650 1300 3702 consedisse.
1342 3651 1459 3703 Vicerat

360 3723 428 3776 baec
448 3722 584 3776 sententia
602 3723 675 3772 inter
693 3721 844 3790 praefectos
860 3720 984 3784 militiae,
1007 3727 1040 3772 ut
1053 3723 1083 3773 in
1107 3739 1153 3774 eos
1173 3738 1234 3772 cum
1253 3729 1313 3774 toto
1328 3723 1458 3774 exercitu
1537 3732 1538 3781 1

359 3809 543 3856 moveremus,
564 3801 649 3862 utque
671 3790 889 3842 submoveremus
909 3798 938 3842 et
955 3793 1172 3861 propulsaremus
1192 3791 1236 3853 id,
1265 3790 1342 3862 quod
1365 3793 1456 3844 nobis
1537 3822 1538 3857 γ

361 3879 441 3931 quam
460 3867 575 3917 maxime
594 3857 725 3916 infestum
741 3860 957 3931 insidiosumque
978 3871 1042 3913 erat
1085 3863 1149 3914 Erat
1170 3862 1251 3916 nobis
1269 3864 1352 3930 plane
1377 3881 1456 3933 opus

360 3935 445 3984 etiam
473 3935 601 3988 Colchico
623 3933 744 3986 exercitu
752 3971 759 3996 ,
788 3940 825 3982 ue
843 3949 899 3983 non
926 3933 1015 3984 solum
1038 3933 1081 3983 illi
1103 3943 1233 4000 tanquam
1257 3933 1383 3984 locorum
1398 3951 1456 4003 pe-

360 4001 406 4063 riti
440 4005 502 4072 plus
519 4005 634 4076 aliquid,
655 4021 735 4074 quam
750 4019 842 4054 eorum
868 4004 998 4071 imperiti,
1022 4005 1145 4056 consiliis
1170 4006 1226 4055 suis
1250 4004 1387 4066 iuvarent,
1403 4003 1457 4056 sed

358 4079 391 4125 ut
409 4072 575 4126 bellantibus
599 4075 678 4127 nobis
699 4074 826 4126 adversus
852 4080 967 4125 armatos
990 4075 1227 4143 munitissimoque
1242 4075 1304 4126 loco
1322 4073 1457 4126 insiden-

358 4151 415 4207 tes,
447 4151 476 4195 et
496 4143 624 4196 vadversus
647 4161 702 4207 eos,
725 4146 773 4215 qui
799 4161 832 4196 ex
849 4142 1028 4195 Muehiriside
1054 4145 1240 4196 verisimiliter
1261 4146 1376 4197 venturi
1409 4144 1456 4195 vi·
1537 4196 1538 4199 ,

359 4212 509 4276 elebantur,
536 4216 625 4281 copias
648 4217 774 4286 viresque
797 4230 858 4266 suas
877 4217 1081 4283 coniungerent.
1118 4214 1194 4282 Quid
1210 4215 1307 4287 itaque
1319 4214 1400 4266 hisee
1423 4216 1458 4264 in

358 4284 441 4339 rebus
471 4284 624 4355 praesectis.
643 4286 777 4338 exercitus
806 4284 962 4337 iaciendum
990 4283 1078 4337 erat?
1101 4284 1244 4356 Rogaudus
1266 4287 1308 4338 uti
1334 4285 1457 4338 videtur
