3109 4950
365 303 450 393 270
797 297 1008 368 sclrmsn

223 455 441 584 *amem
454 453 617 534 We
638 457 775 540 διέμεινε
793 457 850 542 τῆς
862 454 1057 541 μοναρχικῆς
1085 450 1271 534 δυναστειλις
1295 451 1441 538 ἐχόμενος

318 531 447 644 κηρὸς.
463 563 528 632 τοῖς
548 558 659 622 ἕνδεκα
682 563 747 632 τοῖς
770 558 950 642 προτέροις,
980 552 1025 628 ιός
1044 553 1274 638 τεσσαράκοντα
1299 552 1378 641 πρὸς
1400 551 1442 642 τρῖ

355 653 408 724 ἔνι’
425 658 499 731 τοὺς
512 651 699 736 σύμπαντας
715 653 906 720 καθεστάναι
923 651 1061 728 όπόσους
1078 653 1113 717 ἐν
1130 651 1213 740 αότῇ
1227 656 1352 737 dodim.

446 754 507 820 ue'.
550 750 594 820 Τό
617 755 678 835 μέν
693 745 756 828 οὖν
774 749 901 842 άιιριβές
917 753 979 819 τεόν
997 751 1144 839 έπάιῗτῷ
1161 748 1313 840 πρότερόν
1330 751 1440 818 τεκαὶ
1509 755 1510 826 l

362 845 497 938 ὕστερον
519 847 762 934 συμπεσόντων,
795 845 857 938 ἤδη
881 859 944 928 τοῖς
965 850 1064 914 πάλαι
1094 857 1206 936 σοφοῖς
1228 852 1265 914 έν
1296 847 1454 936 irrupturi
1509 865 1510 936 j

335 949 603 1034 (λόιειιπεπόνηται
645 948 761 1038 τρόπῳ·
808 946 826 1014 ό
851 952 887 1014 δὲ
913 958 980 1026 τοῖς
1006 949 1065 1031 μὲν
1094 950 1257 1035 προτέροις
1285 957 1440 1035 παρεῖται,
1509 973 1510 1038 ι

360 1042 449 1128 άξιον
473 1050 510 1114 δέ
534 1044 623 1131 οἶμαι
646 1047 810 1133 γινώσκειν
832 1048 887 1114 καὶ
910 1044 1178 1132 ἐπισημήνασθαι,
1206 1044 1303 1112 καλόν
1328 1041 1371 1113 άν
1395 1045 1441 1132 εἴη
1509 1043 1510 1076 ¹

359 1153 555 1236 προσθεῖναι.
575 1147 753 1230 θαυμάσειε
768 1144 830 1235 γάρ
844 1141 883 1214 άν
901 1173 958 1230 τις,
980 1143 1030 1211 ότι
1045 1144 1084 1230 δὴ
1097 1149 1165 1210 κατ’
1182 1147 1280 1212 έκεῖνο
1298 1149 1357 1212 τοῦ
1374 1171 1441 1212 ναι-

278 1249 422 1345 mpod
438 1245 526 1334 παρά
548 1271 584 1312 τε
611 1243 786 1328 Ῥωμαιοις
805 1247 860 1312 καί
880 1251 1025 1334 Πέρσαις
1047 1242 1252 1330 παραπλήσια
1273 1237 1355 1310 dna
1368 1270 1442 1310 συν-

357 1353 464 1414 ελθεῖν
489 1351 621 1431 ξυνέβη,
657 1341 762 1433 άόσπερ
782 1347 966 1428 αὐτομάτως
984 1348 1018 1410 έν
1043 1342 1175 1435 ἑκατέρᾳ
1198 1346 1337 1436 πολιτείᾳ
1365 1342 1471 1414 nordio

359 1451 425 1514 τεόν
443 1445 638 1534 ιιραεοόντων
659 1445 803 1525 ἐναντίοις
823 1443 907 1523 τινός
930 1448 1105 1533 περιφορᾶς
1130 1442 1339 1530 ε’νσιιηψάσης.
1372 1447 1442 1510 έλα-

360 1547 474 1631 χίστου
497 1544 558 1631 γάρ
582 1544 760 1632 ἔμπροσθεν
782 1545 900 1632 χρόνου
926 1543 981 1608 soi
994 1542 1107 1628 Ζήνων
1127 1539 1145 1606 ό
1165 1539 1337 1625 Ῥωμαίων
1353 1548 1441 1625 βασι-

358 1643 435 1723 λεάς
449 1638 638 1731 όἼσαυρος,
657 1641 692 1720 ός
707 1643 747 1728 δὴ
765 1642 875 1730 πρώην
887 1645 1197 1730 Ταρασισκωόισαιος
1215 1640 1438 1724 ἐπωνομάζετο,

362 1744 427 1814 rint
450 1739 552 1813 Ἱλλοῦ
579 1768 614 1810 τε
641 1743 697 1808 καὶ
728 1743 923 1810 Βασιλάνκου
951 1741 1006 1808 καί
1030 1740 1178 1818 Κόνωνος
1201 1741 1441 1824 ἐπιβουλευθεὶς,

356 1843 567 1932 συνεργούσης
583 1846 618 1918 ές
637 1839 678 1908 τά
691 1839 830 1924 μάλιστα
845 1841 900 1907 καί
914 1841 1063 1928 Βηρένης,
1083 1841 1258 1906 εἰιπέπτωκε
1274 1844 1330 1925 τῆς
1344 1842 1473 1928 άρχῆςις

330 1945 419 2011 Βοιαὶ
442 1944 636 2026 ἐξελήλαται,
667 1940 723 2006 sai
741 1939 834 2023 μόλις
860 1944 893 2019 ές
913 1940 970 2025 τὴν
1003 1941 1167 2026 Ἰσαυριάν
1185 1934 1345 2026 άπεσοόθη·
1366 1937 1444 2025 πλὴν

357 2043 428 2108 ἀλλ’
457 2042 611 2125 ἐπανῆκεν
626 2033 725 2117 αὖθις
740 2043 774 2116 ές
789 2039 829 2104 τά
849 2041 1013 2123 βασιλεια,
1041 2039 1096 2104 καὶ
1110 2041 1301 2106 Βασιλάτκον
1318 2037 1378 2105 τόν
1390 2065 1444 2106 τυ-

356 2140 551 2228 ραννήσαντα
568 2141 607 2203 od
621 2142 715 2204 πλέον
733 2132 756 2222 ἢ
776 2136 861 2205 ἔτεσι
885 2137 941 2204 dio
967 2135 1132 2220 καθελών,
1168 2137 1224 2203 καὶ
1248 2141 1306 2204 τοῦ
1320 2138 1445 2225 σχήμα-

361 2265 415 2316 τος
430 2233 639 2326 ἀφελόμενος,
669 2239 800 2302 διετέλει
815 2236 909 2305 πάλιν
923 2237 1069 2320 ἐχόμενος
1087 2239 1144 2322 τῆς
1157 2232 1258 2323 ἀρχῆς
1274 2237 1328 2303 καὶ
1341 2237 1445 2302 πάντα

361 2336 538 2404 διατάττων
545 2389 556 2418 ,
585 2330 643 2402 οὖν
663 2338 718 2403 ἐπὶ
737 2342 879 2402 πλεῖστον
900 2339 961 2417 μὲν
978 2336 1115 2422 χρόνον,
1144 2337 1179 2400 έν
1197 2337 1279 2424 αὐτῇ
1297 2339 1333 2402 δὲ
1358 2331 1478 2418 durum

358 2431 493 2523 άπεβιλω.
520 2442 588 2501 κατ’
608 2433 706 2501 αόιόν
726 2436 762 2502 di
787 2437 842 2501 καί
866 2437 981 2513 Νέπως
1006 2433 1024 2501 ό
1049 2436 1106 2519 τῆς
1124 2434 1275 2523 Ἑσπέρας
1295 2434 1447 2519 βασιλεὺς

426 2552 454 2605 5.
467 2548 615 2618 ,ἱστορίαις
632 2550 662 2599 ll.
730 2566 769 2600 ιο.
788 2548 886 2615 συνέβη
904 2547 933 2598 Η.
997 2551 1038 2603 13.
1057 2546 1155 2617 πρώτη
1173 2550 1203 2601 R.
1259 2550 1447 2620 Ταρασισιιω-

429 2618 525 2675 dimoc
541 2620 623 2688 vulg,
643 2615 768 2688 Τᾶρασοε
791 2616 936 2673 Κωδοαῖος
958 2619 1010 2682 ll,
1041 2616 1176 2671 Tlrarasis
1207 2618 1325 2671 Codices
1341 2620 1445 2687 Intpr.‚

430 2690 675 2756 Τρασιιαλλισαῖος
694 2687 767 2757 apud
792 2687 999 2754 Theophanem,
1034 2688 1106 2740 Satis
1133 2688 1277 2758 probabile
1293 2696 1350 2751 est,
1373 2692 1444 2759 Aga-

427 2759 516 2809 mium
534 2760 672 2827 scripsisse
693 2758 980 2829 Ταρασισκαλισαῑος.
1061 2760 1100 2812 15.
1118 2761 1160 2817 εἰς
1182 2760 1252 2829 vulg.
1326 2762 1366 2813 18.
1389 2759 1444 2812 dds

428 2830 468 2891 lt,
485 2826 546 2883 osu
563 2828 636 2899 vulg.

357 2947 480 3005 Carades
497 2966 561 3001 vcro
579 2948 667 3001 multo
685 2965 767 3031 quarn
784 2956 863 3002 antea
880 2952 1020 3019 potentior
1037 2950 1141 3015 lactus,
1158 2952 1227 3003 alios
1254 2950 1369 3021 triginta
1391 2966 1445 3003 an-

357 3038 408 3074 nos
425 3020 497 3072 ultra
513 3018 642 3072 undecim
660 3036 764 3088 priores
778 3018 980 3095 monarchicum
998 3023 1143 3090 imperium
1160 3021 1290 3086 obtinuit,
1308 3030 1340 3073 ut
1358 3038 1447 3074 unum

360 3100 390 3145 et
404 3092 584 3163 quadraginta
602 3108 688 3141 annos
707 3106 767 3141 cum
786 3092 859 3160 regia
876 3098 1013 3160 potestate
1030 3093 1137 3144 vixerit.

428 3196 470 3247 29
507 3177 586 3246 Quae
604 3178 697 3247 itaque
714 3194 747 3227 eo
768 3185 850 3228 antea
872 3184 901 3229 et
918 3176 1093 3247 postmodum
1114 3186 1243 3249 regnante
1270 3176 1448 3241 acciderunt,

355 3256 460 3304 veteres
481 3248 523 3298 illi
548 3246 623 3299 docti
642 3247 786 3317 scriptores
813 3248 842 3297 in
867 3247 978 3299 modum
998 3248 1128 3304 historiae
1147 3257 1269 3301 accurate
1291 3256 1448 3317 pertracta-

356 3327 428 3373 runt.
466 3316 550 3386 Quod
578 3326 701 3368 autema
724 3317 865 3368 veteribus
885 3318 942 3368 illis
964 3320 1142 3385 praeteritum
1166 3327 1222 3381 est,
1250 3318 1382 3389 quodque
1400 3318 1449 3369 di·
1509 3322 1510 3369 l

354 3406 439 3459 gnum
454 3390 564 3457 cognitu
574 3404 605 3439 ac
619 3395 769 3439 memoratu
783 3386 952 3451 crediderim,
961 3406 1017 3449 non
1031 3388 1078 3441 abs
1093 3407 1121 3441 re
1139 3389 1223 3441 suerit
1242 3389 1372 3441 adiicere.
1391 3390 1450 3440 Mi-
1509 3388 1510 3453 λ

356 3460 410 3513 rari
419 3460 492 3510 enim
513 3458 648 3528 quispiam
654 3457 749 3527 possit,
759 3457 835 3528 quod
848 3475 898 3527 per
910 3458 939 3509 id
953 3466 1059 3527 tempus
1078 3460 1204 3511 Romanis
1223 3467 1251 3511 et
1264 3460 1352 3510 Persis
1372 3477 1450 3511 non-

354 3530 428 3584 nulli
448 3528 552 3580 similes
573 3527 628 3579 sibi
644 3536 739 3579 mutuo
760 3526 1018 3592 resurrectorum,
1038 3538 1168 3599 tanquam
1193 3538 1289 3599 sponte
1311 3530 1343 3579 in
1365 3539 1450 3581 utra-

353 3618 409 3672 que
426 3616 456 3651 re
483 3597 596 3667 publica
612 3598 748 3649 contraris
772 3598 889 3669 quadam
907 3599 1076 3651 revolutione
1093 3601 1219 3652 fortunae
1240 3600 1369 3651 adversus
1390 3601 1452 3649 Im·
1509 3614 1510 3623 ¹

353 3679 491 3741 peratores
509 3668 660 3737 ingruente.
697 3668 778 3719 Paulo
800 3669 872 3719 enim
893 3677 957 3720 ante
971 3670 1054 3720 etiam
1079 3672 1150 3723 Zeno
1175 3670 1223 3721 ifle
1245 3672 1365 3733 Isauros,
1388 3672 1451 3721 Ro·

353 3756 496 3791 rnanorum
508 3740 664 3807 Imperator,
686 3734 735 3808 qr'ri
751 3746 832 3790 antea
850 3740 1100 3792 Tarasiscodisseus
1117 3739 1373 3810 cognominabatur,
1398 3741 1451 3791 in-

355 3810 434 3861 sidiis
452 3810 479 3861 ei
502 3825 552 3877 per
577 3808 658 3858 Illum
677 3816 705 3857 et
725 3808 884 3859 Basiliscum
902 3818 930 3861 et
948 3808 1087 3861 Cononem
1112 3811 1237 3874 structis,
1259 3808 1450 3863 coadiuvante
1509 3850 1510 3861 ,

374 3881 499 3946 raecipue
521 3878 632 3941 Berinc,
658 3877 772 3946 imperio
800 3880 902 3931 excidit
932 3880 1089 3951 eiectusque
1115 3890 1174 3942 est,
1201 3888 1282 3951 atque
1311 3896 1392 3949 segre
1417 3883 1451 3932 in

354 3897 485 4000 isauriam
503 3950 591 4001 salvus
613 3948 707 4010 erasit,
730 3947 814 3999 rediit
833 3948 925 4001 tamen
946 3966 1036 4001 rursus
1060 3950 1089 4000 in
1110 3952 1228 4021 regiam,
1254 3960 1282 4001 et
1299 3951 1451 4012 Basilisco,

354 4018 478 4089 quinon
500 4016 604 4071 diutius
635 4034 717 4089 quam
735 4016 841 4071 duobus
868 4019 945 4071 annis
963 4021 1137 4086 tyrannidem
1162 4026 1330 4083 exercuerat,
1352 4021 1450 4072 inter-

354 4090 444 4148 iecto,
465 4087 599 4157 regioque,
614 4088 714 4159 insigni
737 4089 763 4141 ei
789 4090 938 4159 adempto,
962 4107 1055 4143 rursus
1080 4093 1227 4163 imperium
1250 4092 1451 4159 recuperarit,

354 4158 499 4228 omniaque
516 4158 669 4210 moderatus
697 4167 752 4221 est,
777 4177 835 4212 non
854 4160 966 4231 quidem
989 4162 1075 4214 multo
1095 4170 1124 4213 te
1173 4178 1237 4225 ore,
1263 4176 1381 4230 regnans
1402 4168 1451 4211 ta-

354 4244 454 4282 mene
474 4227 531 4285 sits
550 4228 674 4283 excessit.
707 4228 789 4283 iisud
806 4245 883 4284 secus
903 4238 933 4285 et
957 4228 1059 4305 Nepos,
1078 4231 1145 4287 Occi
1165 4232 1236 4287 entis
1264 4232 1451 4301 Imperator,
