3109 4950
303 308 382 411 πελ
747 312 984 406 assuens

147 506 181 563 Δ.
192 485 525 575 0.·554όλοφόρεσδαι,
546 481 594 557 ότι
610 486 651 577 δὴ
667 489 751 579 αύτῷ
766 481 837 557 σύτο
857 484 996 580 θυγάτηρ
1018 495 1119 580 δπῆν,
1150 484 1223 563 σύτο
1238 490 1376 588 όδελφὴ,

182 576 202 627 Ῑ·
215 577 235 628 ¹·
250 580 285 633 ²⁸
295 588 446 669 οόμενοῦν
462 588 536 654 οόδὲ
555 580 630 655 όίλλο
644 616 674 655 τι
693 588 819 674 γύναιον
834 590 877 669 οἷς
895 590 1047 677 ἐγγύτατα
1066 598 1271 679 ξυνημμένον.
1288 603 1375 678 τέλος

267 688 333 755 υδὲ
360 690 603 770 ’ξυγκατακλῖναί
623 684 653 753 οἱ
677 685 733 772 τήν
753 687 891 776 γαμετὴν
912 690 968 756 καί
980 692 1035 778 τῆς
1058 686 1149 777 εύκῆς
1169 695 1377 781 ἐπιχωρῆσαι,

294 781 483 870 ὑπεριδόντα
504 786 592 867 μάλα
611 790 762 870 γενναίως
786 789 844 853 τού
867 786 1015 872 αἴσχους,
1043 789 1173 877 καὶτῆς
1196 793 1376 878 παραοτύια

222 928 225 935 .
294 882 396 967 λα’βιγς
419 905 452 947 τε
476 884 532 947 καί
552 884 680 966 ἀτιμίας
695 882 752 969 τὴν
771 890 948 967 μέλλουσαν
971 886 1070 973 τύχην
1095 890 1395 973 όνταλλαξόμενοκό

294 976 375 1045 otro
398 1004 432 1045 τε
455 982 557 1067 φύντα
580 981 633 1049 τὸν
654 984 878 1072 Ἀρταξύρην,
898 989 1058 1073 τραφῆναι
1080 991 1140 1069 μέν
1159 987 1221 1055 ύπό
1238 992 1282 1077 τῷ
1299 995 1375 1055 Πα-

293 1083 386 1169 βέκιρ·
417 1078 487 1145 ἐπεί
503 1083 538 1147 δὲ
566 1081 690 1161 νεανίας
708 1080 871 1167 γενόμενος
890 1084 1110 1171 καρτερώτατα
1132 1086 1190 1173 τήν
1213 1087 1375 1170 βασιλείαν
1400 1160 1404 1165 ,

294 1182 461 1263 κατέσχεν,
484 1179 551 1267 ἔριν
570 1180 670 1259 εδδύς
690 1186 745 1247 καί
759 1192 857 1261 νεῖκος
876 1184 1012 1262 ἐξαίσιον
1036 1184 1220 1271 ἀναφανδόν
1241 1184 1376 1273 Σασόνρι

295 1302 328 1341 τε
354 1276 409 1343 καί
430 1280 568 1369 Παβέκρι
589 1274 816 1366 όναβραγῆναι.
844 1278 990 1368 ἑκάτερον
1005 1279 1065 1367 γὰρ
1083 1286 1205 1349 ε’δέλειν
1225 1280 1302 1370 πρός
1316 1284 1376 1348 αύ-

294 1379 351 1442 τοό
365 1374 417 1443 τόν
438 1381 538 1444 παῖδα
561 1378 818 1461 ἐπονομάζεσθαι.
850 1379 939 1462 μόλις
957 1384 994 1445 δὲ
1013 1375 1112 1468 ἄμφω
1132 1385 1306 1468 ξυμβῆναι,
1325 1382 1418 1468 έρἸθ

219 1468 323 1565 Rufio}
339 1479 417 1560 δῆτα
433 1474 501 1542 υἱόν
519 1478 579 1559 μὲν
597 1475 692 1543 aristis
712 1482 863 1561 Παβέκου
879 1485 1062 1560 καλεῖσθαι,
1098 1481 1133 1543 ἐκ
1151 1483 1329 1567 σπέρματος
1341 1480 1377 1543 δὲ

301 1568 386 1655 ὅμως
409 1571 554 1639 Σασόνου
574 1580 738 1659 τεχθέντα.
766 1571 849 1641 οότω
866 1580 927 1659 μὲν
947 1575 1001 1644 τόν
1021 1578 1215 1665 Ἀρταξάρην
1236 1582 1379 1662 γενεαλο-

296 1676 420 1757 γοῦντες
437 1672 466 1737 οἱ
485 1676 633 1760 Πέρσαι,
654 1673 757 1760 όληδῆ
772 1676 871 1742 ταύτά
890 1701 971 1763 φασι
985 1675 1189 1758 καθεστάναι,
1208 1677 1251 1753 ὥς
1270 1678 1325 1741 καί
1343 1677 1379 1741 ἒν

297 1778 365 1847 ταῖς
380 1774 731 1859 βασιλειοιςλδιφδέραις
748 1774 1017 1861 ἀναγεγραμμένα.
1037 1772 1097 1859 έγολ
1109 1777 1144 1841 δὲ
1156 1772 1303 1840 ύπύντων
1314 1776 1378 1839 τοῖν

298 1870 410 1955 ἐφεξῆς
430 1868 596 1953 ἀπογόνων,
617 1864 684 1937 όσοι
707 1870 746 1959 δὴ
781 1870 839 1959 τὴν
859 1868 963 1959 ἀρχὴν
975 1875 1167 1955 διεδέξαντο,
1194 1873 1233 1939 τό
1259 1896 1292 1936 τε
1312 1868 1422 1937 trs-15

297 1991 382 2051 ματα
399 1965 487 2054 όλιγρι
506 1961 634 2056 ὕστερον
653 1970 773 2057 φράσω,
791 1976 846 2036 καί
855 1971 933 2057 πρός
947 1997 982 2058 γε
1005 1970 1118 2037 ὁπόσον
1139 1975 1268 2048 ἕκαστος
1285 1968 1379 2056 ἐκρό-

298 2084 391 2153 τησαν
431 2064 551 2152 χρόνον·
592 2070 693 2134 καίτοι
725 2066 825 2136 όπασι
861 2081 925 2147 τοῖς
950 2074 1048 2158 μέχρι
1072 2074 1128 2137 νύν
1153 2066 1380 2157 χρονογρύφοις

298 2174 462 2252 παρεῖται,
497 2162 553 2229 καί
577 2160 613 2231 ού
635 2168 852 2255 περιπλεόττου
871 2172 1029 2253 γεγένηται
1048 2166 1086 2234 τό
1105 2171 1238 2234 τοιαῦτα
1260 2169 1381 2253 διερευ-

299 2264 466 2349 νήσασδαι,
495 2262 574 2331 stt&
597 2265 670 2343 τούς
689 2271 749 2350 μὲν
774 2268 941 2351 Ῥωμαίων
962 2274 1102 2352 βασιλεῖς
1129 2265 1192 2332 ainsi
1216 2262 1380 2347 Ῥωμύλου
1412 2326 1423 2336 ,

298 2361 405 2447 τυχόν,
426 2363 483 2457 καί
496 2361 543 2429 ἔτι
560 2364 706 2452 πρότερον
721 2364 781 2431 οἷπό
799 2366 932 2433 Αἰνείου
949 2370 1006 2432 τού
1028 2366 1180 2450 Ἀγχίσου
1196 2359 1423 2449 όρχόμενοιμο

298 2465 411 2548 μέχρις
430 2463 638 2530 Ἀναστασιόυ
654 2489 687 2530 τε
704 2464 759 2529 καί
781 2466 951 2532 Ἰουστίνου
963 2468 1018 2532 τού
1035 2469 1247 2551 πρεσβυτέρου
1265 2463 1379 2548 ἀπαρι-

273 2566 461 2644 Βδμοῦνται·
487 2561 560 2639 τούς
579 2564 615 2628 δὲ
639 2563 724 2649 παρὰ
740 2567 884 2651 Πέρσαις
906 2567 1005 2652 (φημί
1030 2567 1065 2630 δὲ
1079 2563 1210 2641 τούτους
1232 2562 1380 2644 ἐκείνους,

299 2651 415 2728 όπύσοι
429 2656 467 2747 δέ]
488 2659 565 2744 μετὰ
583 2660 640 2748 τήν
655 2663 861 2748 Παρθυαίων
878 2662 1048 2730 κατύλυσιν
1063 2661 1177 2746 ἔτυχον
1195 2654 1381 2744 βεβασιλευ-

372 2805 412 2858 ι6.
430 2800 550 2860 ἕκαστος
566 2801 623 2874 ἰκρ.
642 2805 688 2868 tt,
708 2802 766 2874 ἔκρ.
784 2802 824 2858 ἕν.
838 2806 913 2876 vulg.
969 2823 1010 2860 οι.
1028 2805 1218 2876 πρεσβυτέρου
1234 2805 1285 2866 lt,
1310 2813 1382 2872 πρε-

369 2871 472 2942 σβύτου
490 2874 559 2944 vulg.

300 2994 351 3034 uec
366 2977 422 3028 filie
435 2983 513 3038 esset,
521 2991 612 3046 neque
623 2993 715 3044 ωεστ-ς
730 2991 821 3048 neque
835 2976 893 3028 ulla
906 2977 962 3029 alis
975 2977 1074 3030 mulier
1088 2984 1162 3030 arcta
1168 2973 1303 3027 affinitate
1316 2989 1382 3025 con-

277 3101 281 3116 ,
300 3049 401 3111 iuncta,
411 3045 521 3100 tandem
534 3062 596 3098 vero
606 3063 635 3098 se
648 3054 708 3100 toro
724 3065 772 3099 suo
782 3049 902 3111 cessisse,
917 3047 1109 3118 hospitemque
1119 3049 1198 3100 uxori
1209 3062 1273 3098 suae
1283 3042 1384 3095 adiun-

300 3120 391 3180 xisse,
414 3117 522 3170 abieoto
540 3123 649 3169 strenue
657 3114 770 3186 pudore3
783 3118 885 3189 quippe
894 3119 942 3191 qui
949 3117 1066 3170 dedecus
1075 3135 1106 3170 ec
1121 3117 1384 3187 ignominiam,quae
1412 3148 1416 3160 .

301 3189 356 3242 sibi
368 3187 433 3240 inde
446 3186 616 3252 imminebat,
629 3205 690 3241 cum
701 3188 774 3240 bona
787 3205 869 3258 quam
884 3188 1058 3257 exspectabat
1065 3188 1173 3240 fortuna
1181 3193 1253 3238 esset
1261 3200 1384 3236 eommu-

301 3267 423 3334 paturus3
436 3265 519 3328 atque
533 3258 571 3308 ita
584 3267 680 3310 natum
686 3257 853 3322 Artaxarem,
868 3257 1013 3311 educatum
1029 3259 1142 3330 quidem
1156 3275 1172 3308 a
1185 3255 1305 3320 Pabeco;
1321 3270 1384 3305 cum

301 3345 366 3380 vero
378 3329 433 3378 iam
442 3327 576 3380 adultiora
583 3335 672 3382 aetate
686 3329 835 3382 fortissime
844 3330 1108 3398 regnumohtr'ucrct,
1114 3327 1317 3381 contentionem
1326 3331 1383 3375 sta-

303 3399 355 3450 u‘m
374 3397 574 3468 immanemque
589 3399 676 3451 rixam
691 3407 784 3468 aperte
800 3398 873 3450 inter
888 3400 1019 3451 Semnum
1038 3408 1067 3451 et
1081 3389 1216 3454 Pahecum
1237 3394 1383 3458 exarsisse3

303 3477 449 3540 utrumque
472 3468 545 3519 enim
567 3469 684 3520 voluisse
699 3469 787 3521 filium
803 3487 837 3522 ex
851 3486 881 3521 se
900 3470 1049 3539 appellari3
1065 3475 1158 3540 ,atque
1181 3483 1258 3536 aegre
1271 3463 1383 3516 tandem

304 3539 378 3592 inter
392 3539 611 3601 coronarentur,
624 3540 737 3590 utfilius
751 3538 864 3610 quidem
879 3539 976 3592 Pabeci
983 3548 1134 3602 vocaretur,
1148 3538 1273 3589 eremine
1289 3543 1383 3585 tamen

306 3608 400 3661 Sasani
409 3606 523 3678 genitus.
542 3607 600 3659 Hoc
608 3608 689 3661 modo
704 3609 841 3662 Artaxatis
855 3626 938 3678 genus
952 3617 1106 3678 repetentes
1119 3610 1222 3670 Persae,
1237 3621 1301 3670 vera
1316 3601 1384 3654 haec

306 3696 364 3730 esse
383 3679 534 3740 affirmant,
552 3686 583 3728 ut
596 3679 626 3730 in
639 3679 720 3748 regiis
734 3679 899 3731 membranis
917 3679 1076 3748 conscripta
1113 3679 1167 3746 Ego
1182 3693 1246 3728 uero
1262 3674 1384 3727 omnium

308 3749 435 3817 deinceps
444 3755 621 3818 posterorum,
636 3758 772 3821 quotquot
779 3750 806 3802 ei
820 3750 1101 3819 successerunt,paulo
1108 3755 1208 3818 postet
1216 3747 1328 3799 uomina
1336 3760 1382 3808 ref

307 3820 438 3882 censebo,
452 3828 480 3871 et
494 3817 623 3889 quamdiu
641 3818 757 3891 quisque
779 3820 946 3889 regnaverit:
966 3819 1041 3892 quod
1061 3818 1172 3889 quidem
1190 3816 1225 3868 ab
1245 3814 1382 3877 omuibus,

274 3935 275 3944 ,
307 3890 356 3959 qui
371 3889 400 3940 in
414 3885 580 3960 hunnosque
593 3887 667 3940 diem
679 3889 789 3942 annales
802 3888 975 3959 scripserunt,
990 3899 1033 3942 est
1045 3887 1275 3957 praetermissum,
1292 3900 1383 3955 neque

306 3973 418 4026 magnae
434 3975 512 4010 curae
529 3960 568 4011 eis
582 3959 636 4012 fuit
652 3959 847 4022 huiuscemodi,
862 3977 904 4012 res
919 3961 1115 4030 pervestigarc3
1133 3956 1181 4009 sed
1199 3959 1382 4010 Romanorum

329 4028 422 4080 uidem
437 4045 512 4098 reges
529 4046 544 4082 a
559 4030 676 4082 Romulo
689 4031 821 4094 fortassis,
843 4038 890 4084 sut
905 4031 987 4082 altius
1000 4031 1089 4083 adhue
1096 4027 1131 4080 ab
1145 4028 1237 4080 Aenea
1250 4024 1385 4078 Anchisae

308 4047 368 4150 ihio
390 4098 461 4161 orsi,
486 4097 520 4150 ad
541 4097 711 4152 Anastasium
732 4111 761 4154 et
782 4102 918 4153 Iustinum
937 4101 1072 4153 seniorem
1098 4115 1185 4168 usque
1207 4100 1385 4150 enumerant:

307 4171 448 4224 Persarum
465 4183 528 4220 vero
550 4187 624 4238 reges
641 4171 699 4240 (eos
722 4171 844 4242 inquam,
859 4173 908 4242 qui
930 4179 993 4238 port
1011 4169 1169 4224 Parthorum
1181 4209 1184 4214 .
1196 4166 1386 4237 expulsionem

310 4237 478 4311 regnarunt)
494 4254 550 4292 non
566 4240 632 4294 item
655 4246 839 4312 apponentes,
861 4250 985 4313 tempora
1009 4257 1066 4296 uon
1088 4245 1161 4296 recte
1186 4236 1382 4302 distinxeram
