3109 4950
281 372 287 381 ρ
314 251 391 346 ι68
758 282 969 347 acanum

164 455 233 509 tc.
252 456 302 524 554
306 438 489 524 χαλεπαίνει
515 438 571 522 τῆς
590 436 644 503 ἐπὶ
660 437 702 523 τῷ
723 438 854 521 κειμένῳ
873 431 1087 520 παρανομίας,
1117 430 1286 518 καὶταύτῃ
1305 430 1394 495 νεκύ·

197 550 215 605 t
235 552 426 606 Ι.ο8κωντοιι
436 587 446 617 ,
466 536 501 601 τί
510 537 624 599 δεῖκαὶ
634 534 721 618 ἡμᾶς
734 541 883 618 παρεῖναι
901 530 956 597 καί
972 526 1265 613 σννεπιλαμβοίνειν,
1286 524 1413 612 οἵσπερ,

311 630 367 699 oria
381 635 592 719 έπαρκούντος
611 632 729 697 ἐκείνου
748 628 787 696 τοὶ
806 630 912 694 δίκαια
931 631 1064 714 δρᾶσαι,
1085 624 1164 692 ἀλλά
1181 628 1286 712 τῆςέξ
1304 628 1395 710 ἡμῶν

311 732 495 815 ἐπικουρίας
516 732 766 815 προσδεομένους
795 729 870 793 πωἀ
890 730 926 793 δέ
944 752 991 803 τις
1007 721 1046 792 δν
1069 724 1214 809 ἀσεβείας
1232 723 1412 811 ύπερβολῆ

309 830 427 917 ἑτέροις
444 832 631 911 λελείψεται,
659 826 693 892 εἴ
708 854 740 912 χε
758 824 829 892 τόδε
849 824 886 892 τὸ
907 824 1028 911 ἀγαθὸν
1048 820 1260 907 ἅτιμύσαιμεν
1278 827 1317 910 τῇ
1334 823 1413 906 rae-5

310 930 475 1009 ταστάσει,
491 923 566 1014 ὅπερ
587 926 641 992 καί
655 927 850 1014 ἠρεμούντων
861 923 952 1011 ἡμῶν
969 922 1396 1012 ύπερμαχεῖπροοηκύνεωςς

310 1030 420 1112 μηδείς
443 1026 550 1092 τοίνυν
573 1027 650 1113 ἡμῖν
670 1024 725 1090 τὸν
749 1029 911 1091 τεθνεῶτα
933 1026 1100 1110 παραχέτω
1122 1025 1218 1108 δῆθεν
1242 1024 1286 1110 τῷ
1313 1018 1416 1108 λύχφι.

311 1126 382 1191 λίαν
398 1127 533 1210 ἀγεννῶς
550 1124 787 1214 ὀλοφυρόμενον
794 1176 805 1206 ,
832 1128 888 1189 καί
913 1121 1090 1189 ἱκετεύοντα
1114 1120 1187 1199 τούς
1214 1118 1396 1207 ὁμοφύλους

312 1222 416 1289 οἴκτου
434 1232 542 1307 τυχεῖν
557 1226 599 1312 τῷ
614 1222 671 1308 τὴν
691 1220 1045 1310 σφαγὴνέπιδεικνύναι.
1073 1223 1174 1286 ταύτα
1192 1217 1252 1306 γὰρ
1267 1223 1395 1303 μοχθη-
1449 1293 1455 1301 ⁸

311 1334 381 1411 ραῐς
399 1328 459 1406 μὲν
478 1334 599 1407 ψυχαῖς
614 1326 669 1389 καί
687 1318 853 1409 ἀνάνδροις
867 1318 942 1398 ἴσως
956 1317 1104 1408 οἷρμόσει,
1135 1321 1172 1386 ού
1192 1318 1257 1404 μὴν
1275 1340 1435 1404 προφω-ιο

288 1428 407 1493 (ἶπτέον
421 1422 503 1488 αύτὰ
522 1429 651 1507 βασιλεῖ
663 1424 718 1488 καί
725 1425 845 1501 Λαζῶν
856 1420 910 1485 καί
915 1424 947 1485 Γ
944 1419 1073 1508 ουβύζῃ.
1095 1421 1124 1485 εί
1141 1418 1201 1507 χεὶρ
1215 1422 1330 1493 έκεένος
1343 1418 1396 1493 ev,

312 1524 417 1587 ταύθυ
431 1525 547 1607 παρῆν,
578 1520 701 1597 πάντως
718 1516 773 1603 δν,
800 1517 858 1585 rita
873 1518 912 1604 δὴ
929 1516 1085 1605 θεοφιλὴς
1099 1518 1177 1606 οἷνὴρ
1193 1516 1325 1603 γεγονώς
1342 1514 1398 1581 καί

314 1617 480 1709 φρενήρης,
501 1622 716 1707 κατεμέμφετο
734 1621 794 1701 μέν
808 1620 894 1704 ἡμᾶς
911 1621 1041 1683 τοιαῦτα
1057 1620 1308 1702 βουλευομένους·
1327 1616 1396 1681 έκέ-

314 1728 404 1786 λευεν
429 1722 464 1784 δὲ
483 1716 528 1804 μὴ
553 1714 635 1785 ούτω
663 1724 937 1783 καταπεπτωκέναι
958 1714 1014 1781 καί
1040 1718 1313 1800 μαλδακιζεσδαι,
1341 1713 1397 1782 καί

315 1819 532 1903 δραπετεύειν,
554 1818 697 1904 καθάπερ
716 1820 846 1899 οἰκέτας,
869 1816 1040 1903 αἶρεᾶτθαν
1062 1812 1208 1903 φρόνημα
1224 1817 1260 1880 δέ
1275 1816 1436 1897 μᾶλλονιδ

316 1914 474 2000 Κολχικὸν
488 1915 543 1981 καί
557 1915 723 2002 ἐλεύθερον
743 1916 976 1999 ἀναλαβόντας,
997 1914 1140 1997 οἶντέχειν
1157 1916 1213 1999 τῆς
1225 1913 1394 1999 συμφορᾶς

314 2011 520 2100 θαρραλέως,
548 2018 603 2089 καί
614 2012 694 2101 πρὸς
707 2016 808 2100 μηδὲν
820 2016 880 2096 μὲν
899 2011 1033 2100 αἰσχρὸν
1048 2012 1103 2077 καί
1118 2007 1244 2089 οἷνύξιον
1257 2014 1320 2076 τῶν
1334 2036 1397 2075 πα-

313 2115 408 2198 τρίων
421 2111 589 2196 ἐξάγεσθαι
606 2112 746 2200 τρόπων,
767 2114 913 2195 ἐμμένειν
931 2115 969 2177 δέ
987 2120 1053 2187 τοῖς
1063 2113 1202 2198 παροῦσι
1217 2107 1273 2174 καί
1288 2131 1397 2173 πεποιι

307 2208 425 2293 δίκαι’,
446 2208 490 2286 oie
507 2214 565 2275 τοῦ
583 2210 758 2298 κρείττονος
774 2207 889 2297 ἥκιστα
902 2208 939 2275 τύ
959 2208 1053 2287 ἔθνος
1070 2208 1312 2296 περιοψομένου.
1331 2199 1397 2270 εἶτα

291 2320 295 2327 ’
317 2312 384 2386 πῶς
406 2310 443 2375 ού
465 2308 591 2397 σφόδρα
609 2311 801 2398 παράλογον,
832 2312 920 2399 αύτῷ
937 2312 996 2392 μὲν
1016 2310 1060 2399 τῷ
1078 2311 1190 2392 βιαίως
1213 2308 1439 2395 ἀνῃρημένφαο

290 2414 423 2480 Dacica
437 2406 516 2477 κατὰ
534 2408 570 2475 τὸ
588 2406 669 2486 εἰκὸς
686 2408 770 2495 ἔχειν
794 2410 958 2494 δεδόχθαι·
987 2409 1071 2497 ἡμᾶς
1082 2411 1132 2492 δέ,
1152 2403 1227 2484 τούς
1241 2403 1299 2491 τὴν
1317 2402 1397 2492 πρδς

390 2536 411 2572 ι.
430 2518 554 2570 ἐπὶτῶν
573 2521 712 2590 κειμένων
729 2519 757 2569 Β.
840 2523 866 2574 6.
883 2517 979 2589 ὥσπερ
998 2521 1029 2576 R.
1114 2537 1137 2590 φ.
1156 2517 1236 2589 ἡμῶν
1253 2518 1284 2568 R.
1356 2533 1397 2568 ro·

387 2587 511 2659 ἁρμόσει
527 2591 556 2639 R.
576 2592 696 2658 etintpr.
712 2591 857 2662 congrait,
876 2588 990 2658 ἀρκέσει
1007 2590 1078 2660 vulg.
1129 2593 1172 2646 13.
1191 2586 1265 2659 ύμᾶς
1281 2586 1351 2655 vulg.
1368 2591 1398 2637 et

387 2661 473 2726 Intpr.
566 2659 605 2714 15.
624 2661 758 2727 αἴρεσθαι
778 2663 807 2712 li.
874 2678 915 2713 nr.
930 2656 1001 2712 κατέ
1019 2650 1051 2712 εδ
1071 2660 1121 2710 eiu.
1140 2659 1180 2728 ἔχ.
1197 2661 1237 2722 u,
1257 2673 1283 2708 κ.
1299 2672 1325 2714 τ.
1344 2655 1396 2706 εἰει.

388 2721 420 2778 εὖ
438 2727 478 2796 ἔχ.
498 2729 586 2799 τοίς,
611 2730 695 2799 Intpr.
714 2742 744 2784 αι
758 2733 784 2784 r's
800 2759 836 2771 -
859 2745 915 2785 tam
948 2731 1076 2786 decenter
1096 2729 1165 2784 haec
1182 2740 1299 2784 censeat.

321 2855 361 2899 est
380 2847 502 2904 infensus
527 2849 562 2902 ob
580 2851 710 2902 nefariam
738 2850 848 2904 caedem
865 2853 1051 2916 commissam,
1076 2849 1195 2921 ideoque
1219 2847 1294 2902 hisce
1316 2847 1396 2902 maiia

321 2917 486 2984 afficiuntur,
520 2920 587 3003 quid
606 2939 672 2991 opus
693 2929 734 2974 est
752 2924 835 2973 etiam
852 2924 945 2974 nosci
964 2923 1073 2985 adesse,
1094 2931 1267 2990 nostramque
1285 2936 1397 2988 operam

321 2989 459 3051 conferre,
477 2991 590 3058 perinde
609 2998 691 3062 atque
709 2992 731 3042 si
751 2993 799 3044 ille
816 3009 865 3061 per
887 3007 916 3043 ae
934 2993 1057 3043 iustitiae
1075 2991 1240 3044 exercendae
1258 3008 1313 3042 non
1335 2991 1395 3041 suf-

321 3059 426 3120 ficeret,
447 3060 494 3111 sed
509 3071 601 3114 nostro
620 3062 722 3112 auxilio
741 3061 894 3132 indigeret?
919 3062 1016 3131 Qualis
1038 3078 1103 3114 vero
1127 3061 1276 3130 impietatis
1301 3075 1395 3110 exces-
1479 3058 1482 3065 ’

321 3145 365 3178 sus
386 3128 446 3180 aliis
471 3131 653 3202 relinquetur,
680 3133 703 3183 si
721 3149 851 3184 summam
873 3132 944 3183 hanc
961 3132 1112 3184 bonitatem
1130 3140 1223 3183 nostra
1241 3131 1395 3188 defectione

321 3204 537 3262 contemnamus,
564 3219 634 3272 quae
652 3189 735 3254 etiam
753 3204 834 3255 nobis
853 3203 1056 3273 quiescentibus
1073 3219 1123 3254 nos
1142 3204 1184 3253 uti
1200 3219 1250 3270 par
1267 3209 1309 3253 est
1329 3216 1396 3266 pro-

321 3268 442 3336 pugnat?
465 3269 549 3324 Nemo
573 3275 665 3342 itaque
690 3275 770 3326 nobis
792 3283 926 3325 mortuum
945 3272 1082 3324 Gubazem
1108 3272 1199 3324 verbis
1224 3274 1253 3324 in
1274 3267 1397 3322 medium

322 3336 439 3390 adducat
463 3357 560 3408 parum
584 3343 701 3395 viriliter
730 3344 893 3405 eiulantem,
924 3351 952 3394 et
975 3344 1119 3412 populares
1143 3358 1205 3393 suos
1236 3339 1398 3408 suppliciter

322 3415 453 3472 orantem,
470 3418 501 3460 ut
518 3414 560 3462 sui
579 3416 767 3475 misereantur,
788 3413 879 3482 plagas
901 3415 1007 3481 corpori
1026 3429 1074 3464 suo
1094 3413 1210 3464 inflictas
1225 3406 1396 3465 ostentando.

322 3477 396 3528 Haec
418 3480 490 3529 enim
508 3482 612 3538 vitiosis
631 3484 861 3552 effoeminatisque
880 3483 978 3533 animis
1001 3483 1121 3534 fortassis
1142 3481 1319 3543 conveniant,
1343 3494 1397 3530 ne·

324 3565 459 3619 quaquam
489 3565 551 3601 vero
577 3551 753 3603 adscribenda
779 3561 843 3603 sunt
869 3553 926 3621 regi
956 3559 985 3603 et
1010 3551 1121 3623 quidem
1145 3552 1288 3614 Lazarum,
1313 3557 1398 3619 atque

324 3618 392 3670 adeo
412 3619 544 3671 Gubazae.
582 3621 610 3672 Si
629 3621 700 3672 enirn
725 3622 773 3672 ille
792 3639 881 3673 coram
902 3621 1025 3682 adesset,
1055 3622 1169 3692 graviter
1186 3629 1273 3683 certe,
1299 3626 1398 3688 utpote

324 3690 386 3755 pius
405 3698 432 3741 et
450 3690 572 3742 cordatus
588 3693 647 3754 vir,
669 3709 718 3744 nos
737 3692 902 3744 eiuscemodi
929 3693 1043 3743 consilia
1061 3693 1192 3760 agitantes
1216 3691 1398 3751 insimularet,

325 3757 487 3828 iuberetque
509 3778 564 3812 non
588 3760 626 3812 ita
654 3763 751 3813 animis
780 3761 875 3813 cadere
894 3770 975 3833 atque
994 3761 1195 3831 elanguescere,
1221 3770 1249 3814 et
1270 3760 1398 3811 servilem

326 3827 357 3876 in
374 3828 480 3879 modum
493 3832 634 3900 aufugere:
653 3833 720 3904 quin
732 3832 825 3901 potius
842 3833 931 3883 animo
949 3831 1077 3884 Colchico
1096 3840 1125 3884 et
1133 3832 1241 3884 liberali
1258 3837 1398 3898 resumpto

327 3913 479 3949 aerumnam
497 3902 605 3954 fortiter
622 3903 773 3965 sustinere,
792 3909 821 3952 ct
836 3901 909 3952 nihii
925 3907 1005 3971 turpe
1016 3904 1168 3972 patriisque
1185 3900 1306 3953 moribus
1320 3898 1398 3951 indi-

327 3982 408 4034 gnum
435 3973 616 4036 committere;
647 3970 695 4026 sed
727 3972 865 4040 praesenti
892 3988 981 4023 rerum
1010 3972 1095 4030 statui
1118 3972 1259 4034 insistere,
1297 3978 1398 4024 certam

325 4035 451 4088 fiduciam
469 4041 652 4109 concipIentcs
670 4042 794 4096 divinum
816 4041 949 4093 auxilinm
969 4041 1112 4094 Colchicae
1129 4042 1205 4113 genti
1220 4054 1397 4110 nequaquam

326 4104 492 4164 defuturum.
533 4111 648 4165 Ptoinde
668 4129 727 4186 quo
750 4120 831 4184 pacto
855 4128 912 4164 non
934 4111 1109 4166 vehementer
1131 4110 1279 4164 absurdum
1304 4109 1397 4170 faerit,

327 4176 380 4256 ipsi
405 4177 514 4260 quidun
537 4180 670 4238 violenter
693 4183 840 4244 interfecto
863 4181 1047 4243 uerisimiliter
1064 4183 1132 4239 haec
1157 4180 1285 4261 probari,
1316 4177 1398 4238 rabir
