3109 4950
343 227 441 378 288'
774 318 984 387 assumas
1012 239 1018 254 ⁴

196 483 267 542 tc.
279 485 330 556 ⁵⁵7
341 473 452 546 δεινοῖς
475 473 529 538 rtet
550 468 646 536 ύτύν
665 472 815 538 τοιούτων
837 467 1014 560 άνδράποιν
1032 473 1125 555 ἐσμὸς
1142 468 1353 560 ἀναφύεσθαι.
1386 478 1421 539 ἒ-

240 556 290 610 LL
303 561 482 655 31φιτύσατο
504 573 541 636 δὲ
567 566 654 652 ὅμως
674 562 712 634 esi
732 574 868 646 ποιοῦσα
896 567 1029 658 ἑκατέρα
1053 571 1195 653 pontesia.
1231 576 1326 658 ἐχρῆν
1347 573 1423 658 γὰρ,

282 674 285 680 ’
341 665 441 751 οἶμαι,
465 673 522 733 καὶ
543 668 687 752 eiecticiae
700 667 827 756 φεύγειν
848 669 974 756 γραφὴν
990 667 1065 746 τούς
1078 667 1118 735 τά
1133 671 1240 736 τοιάδε
1263 667 1423 754 ὀνειροπο-

315 773 487 866 λοῦντας,
514 768 572 834 κατ’
592 769 804 853 μηδὲνότιούν
824 774 917 835 πλέον
934 768 1076 852 γνώσεως
1104 773 1178 856 πέρι
1200 773 1243 858 τῷ
1272 770 1423 856 κρείττονι

341 866 640 949 καταλιμπάνοντας.
683 867 764 934 silici
788 868 849 956 γάρ
880 867 984 946 ούδείς
1005 863 1092 945 ὅστις
1119 862 1159 954 ἦν
1184 871 1218 934 ἓν
1242 872 1285 956 aqi
1305 867 1375 934 τότε
1404 867 1444 938 65

339 965 384 1050 μὴ
403 965 474 1030 λίαν
488 965 598 1044 δεδιώς
621 966 676 1032 κατ’
689 969 947 1052 ἐκπεπληγμένος.
968 965 1052 1032 λιταὶ
1061 970 1228 1054 τοιγαροῦν
1245 963 1422 1050 ἑκασταχοῦ

340 1064 397 1128 καί
413 1060 495 1154 psat
517 1063 670 1152 ἱκετὴριοι
684 1063 853 1151 ἠκούοντο,
884 1063 1032 1132 ἁπάντων
1066 1068 1112 1142 εἰς
1137 1070 1232 1130 τούτο
1257 1066 1424 1150 ἀγειρομέ-

309 1174 416 1228 Dama·
443 1161 484 1229 τά
502 1188 536 1229 τε
550 1167 628 1253 λύγιρ
651 1169 710 1247 μὲν
730 1162 783 1231 sies*
799 1162 1026 1248 ἐπαινούμενα,
1057 1162 1142 1253 ἕργφ
1155 1167 1190 1230 δὲ
1210 1161 1424 1249 σπανιώτερον

250 1278 280 1330 V.
293 1263 556 1347 rotflessuscaipcsnss
564 1317 575 1346 ,
595 1265 664 1330 τότε
679 1264 718 1350 δὴ
737 1263 963 1352 προθυμότατα
979 1262 1157 1350 ἐπράττετο·
1171 1261 1305 1327 ’δίκαιοί
1314 1287 1346 1326 τε
1361 1261 1422 1347 γάρ

342 1358 463 1449 άδρύον
477 1365 696 1430 άπτδεύινυντο
713 1358 848 1441 ἅπαντες
864 1364 897 1439 ἐς
918 1363 959 1434 τά
978 1361 1159 1444 συμβόλαια
1174 1360 1213 1425 τά
1231 1359 1308 1446 πρὸς
1327 1355 1464 1445 sitiri-ao

341 1469 426 1544 λους,
445 1461 490 1538 ὥς
509 1463 563 1528 καὶ
577 1461 651 1540 τούς
669 1457 826 1550 ἄρχοντας
840 1462 876 1527 τὸ
891 1465 1057 1549 κερδαλέον
1067 1459 1322 1543 οἷποβεβληκύτας
1340 1457 1424 1540 μετά

340 1564 405 1626 τάν
420 1560 527 1642 νόμιον
545 1561 603 1639 τὰς
623 1565 893 1640 δι’καςποιεῖσδαυ
912 1560 988 1639 τούς
1008 1585 1041 1626 τε
1059 1553 1161 1635 άλλως
1185 1557 1339 1635 δυνατούς
1364 1561 1418 1644 ἐφ’

341 1657 463 1726 ἓαυτοάν
486 1661 690 1747 ἤρεμούντας,
712 1656 782 1726 iussi
802 1685 836 1727 τε
857 1663 936 1748 δρᾷν
954 1663 1009 1727 κατ’
1024 1661 1200 1743 ἀπέχεσθαι
1226 1660 1288 1724 τῶν
1315 1657 1426 1740 αἰσχύ-

341 1783 434 1825 στων.
463 1757 542 1826 ἔνιοι
555 1762 592 1825 δὲ
608 1760 669 1824 καὶ
684 1758 864 1826 παντάπασι
882 1758 938 1845 τὴν
955 1759 1080 1824 διἀιταν
1102 1755 1342 1838 ἐξαλλάξαντες,
1363 1781 1426 1838 μο-

341 1856 421 1943 νήρη
439 1857 511 1924 τινὰ
533 1858 590 1924 καὶ
608 1851 712 1944 ύρειον
730 1855 912 1942 ἠσπάσαντο
935 1865 1005 1943 βίον
1017 1913 1027 1942 ,
1054 1861 1109 1924 καὶ
1132 1857 1226 1939 τιμὰς
1261 1859 1315 1920 κατ’
1343 1855 1460 1940 χρή-15

339 1981 427 2037 ματα
443 1961 499 2022 κατ’
518 1954 619 2024 ὁπόσα
640 1956 756 2043 ἥδιστα
776 1963 854 2045 παρ’
869 1953 1051 2046 άιθράποις
1068 1961 1215 2042 μεθέντες
1231 1961 1286 2022 καί
1307 1955 1425 2042 άνηνά-

339 2080 439 2145 μενοι.
463 2055 564 2120 πολλοὶ
591 2060 628 2124 δὲ
644 2060 700 2124 καὶ
713 2068 779 2135 τοῖς
794 2057 890 2144 ἱεροῖς
911 2057 1083 2146 προσήγετο
1100 2060 1201 2143 δῶρα,
1223 2054 1280 2120 καὶ
1299 2054 1424 2139 νύκτωρ

250 2156 375 2228 Ρ.1δ9οἱ
396 2156 555 2242 κράτιστοι
573 2161 637 2223 τῶν
651 2159 768 2241 dorsis,
787 2162 1034 2245 περινοστοῦντες
1046 2156 1101 2234 τὰς
1124 2154 1322 2244 λεωφόρους,
1344 2156 1427 2220 ε’δοι-
1508 2213 1509 2240 3

311 2331 314 2334 ⁴
340 2257 380 2342 δῇ
401 2281 435 2321 τε
465 2251 594 2345 όφθόνφ
623 2262 679 2322 κατ’
702 2261 910 2343 περιβολαίοις
937 2259 1202 2344 ἐφιλοφρονοῦντο
1228 2253 1360 2330 τούτους
1388 2250 1426 2336 δὴ
1508 2245 1509 2268 ³

338 2351 413 2430 τούς
435 2349 586 2442 οἷχρεύους
607 2360 663 2421 κατ’
684 2357 924 2442 οἰκτροτάτυυς,
958 2355 1062 2420 tastu
1088 2353 1199 2420 πολλοὶ
1227 2351 1267 2418 τά
1288 2351 1467 2435 σώματαοο
1508 2397 1509 2416 r

338 2457 554 2543 πεπηρωμένοι
570 2453 625 2521 ἐπὶ
639 2458 696 2521 τού
714 2454 856 2543 ἐδάφους
874 2451 1059 2541 ἐρ’ῥύφαται,
1081 2452 1121 2521 τά
1140 2448 1295 2537 inaperta
1315 2453 1428 2537 ἐρανι-
1508 2451 1509 2491 l

408 2592 434 2627 a.
453 2570 531 2645 ὅμως
546 2572 608 2628 add.
626 2592 660 2625 ex
677 2577 706 2625 li.
748 2574 775 2629 3.
796 2570 831 2626 τά
853 2573 913 2625 add.
935 2591 969 2625 ex
987 2576 1016 2624 ll.
1074 2586 1101 2642 9.
1118 2572 1277 2645 ἐπράσσετο
1295 2574 1324 2623 R.
1386 2590 1425 2625 so.

406 2646 448 2701 εἰς
464 2646 524 2702 Ροτ,
540 2662 589 2713 pro
603 2644 639 2701 ἐς.
724 2662 763 2698 ιι.
777 2644 827 2697 Pro
844 2639 915 2715 μετά
924 2644 981 2697 Par.
1000 2640 1080 2696 κατὰ.
1193 2640 1428 2709 14.ἰξαλλάξαν-

406 2729 453 2771 τες
469 2716 515 2776 lt,
532 2712 624 2767 ἔναλλ.
640 2715 711 2784 vulg.
794 2718 832 2769 15.
851 2716 899 2765 καὶ
918 2732 976 2785 τιμ.
998 2717 1046 2769 καὶ
1063 2730 1109 2783 χρ.
1128 2714 1157 2767 ll.
1177 2721 1205 2766 et
1223 2716 1317 2785 lutpr.‚
1335 2712 1428 2785 χριίμ.

407 2786 456 2835 καὶ
473 2801 532 2853 τιμ,
549 2785 619 2854 vulg.
687 2787 726 2837 16.
744 2784 931 2855 unitissimo
947 2788 976 2837 li.
1030 2803 1071 2838 as.
1089 2784 1261 2857 ἐῤῥίφανιαι
1280 2788 1310 2835 R.

337 2904 507 2973 temporibus
519 2905 663 2973 pullulare.
688 2906 839 2975 Utrumque
853 2922 917 2958 vero
931 2908 1091 2959 vaticinium
1106 2906 1219 2976 publico
1233 2905 1309 2957 bono
1323 2918 1427 2955 vanum

338 2976 401 3026 tuis.
438 2975 589 3044 Oportebat
602 2978 675 3028 euim
686 2992 745 3027 mea
762 2977 899 3027 sententia
916 2978 999 3027 etiam
1012 2978 1160 3045 impietatis
1172 2992 1306 3026 arcessere
1325 2974 1427 3025 talium

338 3048 505 3097 somniorum
518 3048 689 3116 interpretes,
708 3047 866 3116 nullamque
887 3048 1046 3115 ampliorem
1059 3065 1148 3099 rerum
1161 3048 1311 3099 futurarum
1327 3046 1427 3113 cogni-

337 3116 441 3167 tionem
457 3117 516 3170 Dco
532 3118 726 3188 relinquentes
763 3118 889 3168 Ceterum
904 3134 984 3168 nemo
1000 3127 1057 3169 tum
1070 3118 1201 3187 temporis
1217 3126 1283 3179 erat,
1301 3114 1350 3185 qni
1370 3132 1429 3165 non

338 3195 412 3238 metu
432 3186 607 3238 vehementer
617 3188 758 3256 perculsus
775 3188 964 3257 attonitusque
980 3196 1058 3240 esset.
1094 3188 1229 3257 Quocirca
1247 3195 1309 3238 rota
1328 3188 1430 3254 quoti·

338 3256 385 3309 dic
395 3258 630 3326 nuncupabantur,
646 3256 796 3329 hymnique
812 3259 947 3326 supplices
960 3259 1151 3322 audiebantur,
1160 3257 1285 3309 omnibus
1298 3257 1328 3307 in
1337 3274 1430 3305 unsrm

339 3328 522 3396 congregatis3
542 3336 571 3380 et
586 3344 656 3398 qnae
672 3330 762 3380 verbis
778 3328 890 3398 quidem
907 3344 1013 3397 semper
1026 3329 1187 3391 laudantur,
1204 3344 1234 3379 re
1254 3336 1348 3379 autem
1368 3327 1430 3395 ipsa

339 3415 400 3449 raro
421 3400 630 3461 confirmantur,
653 3406 711 3449 tum
739 3400 836 3469 utique
859 3401 1060 3468 promptissime
1086 3398 1301 3468 praestabantur.
1354 3396 1428 3449 Iusti

339 3470 412 3521 enim
425 3469 569 3520 confertim
583 3486 678 3521 omnes
691 3470 722 3520 in
739 3471 843 3521 mutuis
858 3471 1040 3522 contractibus
1056 3469 1238 3531 videbuntur,
1258 3466 1327 3519 adeo
1343 3474 1382 3518 nt
1401 3476 1433 3518 et

338 3540 476 3608 principes
491 3542 617 3609 quaestui
630 3542 830 3602 renuntiantes,
840 3556 874 3590 cx
890 3542 979 3608 legum
992 3557 1085 3593 norma
1099 3540 1202 3592 iudicia
1212 3545 1382 3599 exercerent,
1402 3546 1433 3588 et
1508 3570 1509 3585 r

343 3611 393 3729 qui
408 3611 579 3678 potentiores
589 3618 688 3671 essent,
706 3611 799 3679 quiete
809 3610 985 3679 modesteque
998 3628 1027 3663 se
1042 3620 1175 3679 gerentes,
1192 3610 1262 3661 insta
1282 3625 1431 3678 aequaque
1508 3608 1509 3617 ’

356 3690 475 3743 acerent,
493 3689 522 3733 et
538 3698 555 3729 a
568 3679 694 3748 turpibus
707 3682 787 3731 iactis
804 3680 980 3732 abstinerent.
1015 3681 1149 3733 Nonnulli
1163 3698 1237 3740 vero,
1249 3680 1323 3731 ritae
1340 3678 1430 3729 insti·
1508 3736 1509 3743 χ

343 3757 404 3800 tuto
418 3769 528 3820 prorsus
545 3752 699 3814 immutato,
714 3752 863 3803 solitariam
882 3751 1018 3819 quandam
1037 3760 1066 3803 et
1083 3759 1238 3803 montanam
1253 3750 1336 3799 vitam
1361 3758 1430 3799 sunt
1508 3746 1509 3761 ¹

343 3819 476 3887 amplexi,
502 3822 601 3891 opibus
622 3828 651 3872 et
675 3820 828 3873 honoribus
847 3822 1028 3893 omnibusque
1054 3822 1145 3885 rebus,
1168 3838 1239 3893 qnae
1261 3819 1429 3871 hominibus

343 3889 434 3938 solent
448 3908 508 3943 esse
529 3891 705 3961 gratissimae,
723 3892 910 3943 renuntiantes
934 3909 965 3943 ac
979 3892 1169 3945 valedicentes.
1199 3892 1316 3943 Plurima
1337 3892 1430 3940 etiam

344 3960 452 4026 templis
468 3962 580 4014 donaria
596 3961 795 4025 offerebantur,
814 3969 842 4013 et
855 3968 938 4013 noctu
949 3963 1081 4015 lautiores
1093 3963 1335 4032 opulentioresque
1351 3962 1432 4011 cives
1508 3954 1509 4035 λ

343 4029 448 4097 plateas
462 4030 609 4096 obeuntes,
623 4033 698 4101 largo
715 4031 777 4084 cibo
793 4041 822 4083 et
833 4031 954 4083 vestibus
974 4031 1112 4085 donabant
1127 4048 1225 4103 egenos
1239 4030 1432 4082 miserrimos·
1508 4046 1509 4099 r

344 4116 399 4169 que
409 4098 545 4163 homines,
557 4105 606 4171 qui
615 4104 773 4172 frequentes
784 4103 874 4154 claudi
887 4103 1004 4173 aliisque
1013 4104 1141 4155 membris
1155 4103 1247 4154 mutili
1261 4101 1338 4151 burni
1350 4102 1432 4151 iace·
1508 4100 1509 4139 l

344 4168 419 4234 bant,
435 4172 534 4239 stipem
549 4171 740 4225 mendicantes
766 4174 841 4225 Haec
851 4182 943 4225 autem
957 4176 1048 4225 omnia
1063 4174 1099 4227 ad
1111 4182 1212 4225 certum
1225 4170 1340 4241 aliquod
1353 4178 1434 4221 tem-
1508 4166 1509 4209 ἶ

341 4258 395 4309 pus
420 4241 537 4306 fiebant,
560 4244 665 4295 recenti
679 4244 809 4298 videlicet
825 4242 955 4299 adlucet
969 4245 1078 4315 rigente
1096 4252 1179 4299 metu.
1217 4242 1334 4296 simulac
1361 4257 1435 4297 vero
