3109 4950
454 303 740 375 nisuoamntm
769 310 808 373 v.
837 310 869 377 ο.
1131 287 1215 398 289

145 462 270 543 ζόμενον.
298 455 404 522 ταδτα
422 458 459 523 di
478 452 604 524 duona
620 457 703 548 ῥητῷ
720 485 783 526 τινι
796 457 901 550 χρόνῳ
914 453 1120 550 Ιδιεμετρεῖτο
1129 497 1140 546 ,·
1160 467 1256 544 inach
1266 481 1294 535 C.
1311 475 1361 552 557

142 559 265 634 ἔναυλον
278 553 326 620 t'u
340 553 386 620 τὸ
406 557 477 632 δίος
494 555 645 642 δπῆρχεν·
671 560 743 624 ἐπεί
756 561 792 622 δὲ
809 559 949 645 λα’φησίς
963 585 1012 636 τις
1027 560 1081 626 καί
1095 553 1246 628 dvorsa-¹·
1257 555 1276 605 ¹·
1287 557 1318 606 3¹

138 655 180 740 χῆ
196 657 251 720 τοῦ
275 651 422 736 κινδύνου
450 654 643 740 incombere
650 705 661 737 ,
699 651 814 722 αὐτίκα
836 656 864 722 οἱ
885 664 1026 723 πλεῖστοι
1045 659 1220 746 ἐπανῄεσαν

138 757 181 830 εἰς
194 752 233 818 τὰ
249 754 426 834 εἰθισμένα.
446 757 571 816 καλοῖτο
590 756 625 816 δὲ
639 749 680 818 δδν
696 755 717 838 ἡ
734 753 865 842 τοιαύτη
880 753 962 841 δρμῆ
982 755 1021 820 οδ
1038 760 1219 845 δικαιοσύνη

119 852 181 927 bric
199 849 336 936 ἀληθοῦς,
357 849 434 914 οὐδὲ
453 850 599 932 εὐσέβεια
621 847 739 938 στερρά
752 877 786 916 τε
804 856 860 918 καί
875 852 1023 940 δνεργδς,
1044 851 1136 922 δποία
1154 856 1219 922 aiud

135 952 225 1036 δόξης
240 949 343 1035 ὀρθῆς
363 950 419 1013 καί
433 947 616 1035 προθυμίας
639 953 890 1037 ἒμβριθεστδτης
907 956 952 1040 τῷ
966 956 1102 1042 λογισμῷ
1116 957 1219 1040 πέφυ-

135 1075 187 1116 κεν
206 1048 440 1130 ἐκτυποῦσθαι,
461 1045 541 1112 ἀλλὰ
555 1050 682 1134 μηχανή
710 1075 758 1126 τις
777 1041 912 1128 δ’τακτος
932 1055 989 1116 καί
1001 1047 1064 1119 οἷον
1079 1055 1242 1140 ἐμπορίαδ

135 1146 386 1236 οφαλερωτδτη,
413 1147 467 1233 ἐφ’
482 1137 511 1234 ᾧ
526 1143 561 1210 τδ
579 1147 684 1232 παρδν
700 1150 798 1232 δῆθεν
809 1152 955 1236 ἐκφαγεῖν
968 1150 1024 1216 καί
1036 1150 1227 1239 παρακροδ-’

133 1252 263 1312 σαοθαι.
284 1246 348 1311 τῶν
361 1247 421 1327 μὲν
440 1237 497 1309 oia
517 1245 648 1329 ἀγαθῶν
661 1245 760 1332 ἔργων
776 1243 862 1312 οὕτω
882 1245 921 1334 δῆ
937 1275 968 1314 τι
988 1248 1069 1336 πρδς
1084 1245 1219 1336 ἀνάγκης

97 1344 359 1429 ιοδπογενόμεθα
376 1341 438 1409 ἔστ’
453 1335 495 1412 δν
512 1341 550 1407 τδ
569 1347 707 1408 δεδιέναι
722 1349 821 1434 παρῆ.

218 1441 253 1517 ς’.
294 1439 403 1509 Πάλιν
427 1445 465 1508 δὲ
487 1445 522 1508 ἓν
548 1444 592 1533 τῷ
619 1441 692 1508 τότε
722 1441 753 1508 οἱ
781 1443 857 1531 περὶ
876 1447 938 1512 τῶν
971 1441 1217 1530 ἀναθυμιάσεων

133 1543 222 1626 λδγοι
243 1542 382 1626 δλέγοντδ
403 1565 439 1606 τε
463 1540 521 1606 καί
545 1537 754 1626 insuram·
794 1547 849 1609 καί
871 1537 911 1630 ἦν
934 1547 1032 1624 πολδς
1059 1542 1120 1613 (ivd
1140 1545 1215 1624 τοδς

133 1642 302 1725 ξυλλόγοσς
319 1637 345 1717 δ,
353 1641 559 1728 Σταγειρίτης
580 1634 830 1726 ὀνομαζόμενος,
851 1648 911 1712 νδν
927 1647 987 1727 μὲν
1003 1647 1047 1722 ὦς
1069 1645 1221 1733 ὀρθότατον

131 1741 181 1826 εἴη
201 1745 276 1827 περί
300 1742 420 1807 τούτων
439 1741 674 1826 φυσιολογῆσας
694 1745 750 1806 καί
768 1740 915 1827 διαγνοδς
936 1742 995 1820 τὰς
1015 1747 1137 1826 ultrice,
1158 1749 1217 1812 νῦν

89 1841 168 1906 atti
184 1841 229 1916 οδς
243 1836 357 1924 ἥκιστα
374 1843 433 1904 τοῦ
451 1834 592 1925 ἆληθοδς
609 1843 844 1923 ἐστοχασμένος.
876 1841 954 1908 ἔνιοι
970 1847 1005 1908 δὲ
1026 1842 1084 1928 τῆν
1102 1847 1221 1910 ἐκείνου

128 1939 283 2023 βεβαιοῦν
304 1933 442 2019 οἰόμενοι
465 1937 578 2020 δόξαν,
607 1934 659 2003 δτι
675 1937 715 2022 δ“η“
738 1942 863 2021 πνεῦμα
884 1940 972 2025 παχδ
990 1943 1045 2006 καί
1061 1946 1224 2020 καπνῶδες

131 2035 198 2102 siud
213 2034 290 2113 τοδς
308 2033 469 2122 σήραγγας
482 2040 538 2122 τῆς
556 2040 612 2122 γῆς
634 2035 889 2124 περιειργδμενον
905 2040 964 2115 τὰς
978 2041 1104 2107 τοιάσδε
1125 2050 1223 2106 ποιεί-

128 2161 187 2202 aas
207 2134 359 2220 κινήσεις,
379 2127 593 2221 προδτίθεσαν
609 2138 645 2200 δν
660 2138 706 2224 τῷ
728 2134 810 2226 λόγῳ
829 2141 923 2203 τοῦτο
943 2135 982 2222 δῆ
1004 2137 1039 2204 τδ
1060 2136 1121 2203 δπδ
1147 2140 1222 2205 ’Λν-

127 2234 248 2317 θεμίοο
271 2233 424 2320 πρότερον
442 2238 718 2320 μεμηχανημένον.
747 2229 838 2314 οδτος
858 2235 919 2324 γὰρ
941 2234 1015 2322 δῆδ
1041 2236 1249 2319 &fridicione

83 2337 251 2421 κοπατρίς
272 2336 333 2415 μὲν
352 2327 440 2421 αὕτη]
462 2334 606 2420 δπῆρχεν
623 2332 659 2399 αἱ
684 2333 867 2421 Τράλλειςὴ
886 2335 977 2411 πόλις
983 2388 993 2418 ,
1015 2339 1110 2420 τέχνη
1132 2339 1167 2401 δὲ
1181 2335 1220 2402 cd

125 2436 194 2500 τῶν
213 2434 440 2518 μηχανοποιῶν
458 2429 644 2519 εδρήματα,
680 2431 715 2498 οδ
737 2432 774 2519 δῆ
801 2431 857 2519 τῆν
878 2433 1058 2521 γραμμικῆν
1081 2437 1221 2522 θεωρίαν

124 2537 184 2599 ἐπὶ
197 2531 260 2618 τὴν
279 2528 357 2617 δλην
374 2529 576 2616 κατάγοντες,
598 2531 768 2619 μιμῆματδ
789 2560 859 2600 τινα
879 2537 934 2600 καί
948 2530 1012 2601 οἷον
1027 2532 1143 2600 εἴδωλα
1158 2537 1221 2607 τῶν

125 2625 232 2699 ὄντων
250 2626 484 2716 δημιουργοῦσι
510 2635 614 2716 γέγονε
634 2635 670 2697 δὲ
692 2625 822 2719 δ’ριστος
841 2636 876 2699 ἐν
897 2634 1006 2710 αὐτοῖς
1028 2637 1074 2708 είς
1097 2631 1138 2697 τὰ
1156 2636 1220 2714 μδ-

206 2732 274 2818 aas
290 2736 474 2805 Παγειφίους
490 2737 519 2786 ll.
539 2752 590 2803 pro
610 2734 629 2786 δ
644 2738 755 2806 Σταγ.·
807 2736 973 2808 sosarmo
993 2736 1020 2788 R.
1089 2736 1127 2791 15.
1139 2732 1218 2796 tta„

202 2803 238 2871 δη
266 2805 337 2874 vulg.
418 2822 457 2875 tq
481 2804 651 2858 Arthmesius
677 2808 761 2877 Intpr.
841 2826 883 2861 ao.
903 2808 978 2876 αδηδ
996 2806 1057 2860 add.
1077 2822 1110 2858 ex
1128 2806 1160 2860 ll.

123 2899 237 2953 malum
251 2896 353 2949 remitti
365 2912 397 2949 ac
410 2907 513 2949 certare
527 2898 629 2966 coepit,
647 2898 790 2951 confestim
804 2902 930 2970 plerique
945 2901 979 2953 ud
990 2902 1119 2969 pristinos
1131 2914 1218 2949 morer

122 2970 288 3023 redierunt.
321 2966 420 3019 Vocari
433 2976 523 3022 autem
539 2970 628 3036 possit
646 2968 709 3019 tatis
724 2970 875 3021 animorum
890 2978 1076 3039 maturatque
1099 2970 1218 3037 impetus

122 3060 187 3094 non
207 3039 314 3091 iustitia
327 3055 419 3090 revera
435 3055 527 3108 neque
547 3038 649 3104 pietas,
669 3038 758 3091 solida
778 3041 881 3108 pariter
899 3048 981 3111 atque
999 3041 1104 3100 efficax,
1129 3036 1218 3105 qualis

125 3130 162 3165 ex
180 3118 259 3163 recta
279 3109 410 3178 opinione
428 3116 456 3159 et
468 3110 685 3167 constantissimo
703 3109 796 3161 studio
815 3112 843 3161 in
867 3110 964 3161 animis
988 3107 1121 3159 efformari
1140 3106 1223 3167 solet,

121 3183 178 3234 sed
196 3179 366 3232 machinatio
386 3179 519 3249 quaedam
542 3180 738 3247 incomposita,
764 3189 792 3232 et
808 3181 893 3232 veluti
915 3177 1082 3229 nundinatio
1098 3175 1219 3228 fallacis-

121 3254 215 3315 sima,
233 3252 269 3303 ad
292 3249 549 3319 subterfugiendum
569 3266 600 3299 ac
619 3248 833 3318 propulsandum
851 3250 949 3301 malum
974 3248 1110 3299 instituta.
1145 3247 1219 3297 lions

119 3325 227 3393 itaque
238 3339 330 3391 opera,
341 3322 381 3372 ita
394 3320 670 3372 demumncccssitatc
683 3327 806 3389 cogente,
823 3320 1004 3389 degustamus,
1022 3316 1151 3389 quamdin
1162 3331 1219 3367 me·

117 3403 169 3447 tus
209 3393 299 3445 remit

186 3410 232 3515 pti.
268 3462 318 3513 Per
335 3459 365 3513 ld
381 3476 445 3515 vero
463 3469 570 3531 tempus
598 3461 688 3513 variae
707 3474 798 3514 rursus
821 3456 1033 3527 disceptationes
1053 3456 1087 3509 de
1108 3453 1218 3506 exhalaa

120 3531 261 3589 tionibus
278 3539 343 3583 sunt
366 3531 498 3599 habitae,
523 3536 707 3603 frequensque
725 3538 784 3583 erat
807 3530 961 3582 Aristotelis
986 3530 1016 3579 in
1034 3526 1220 3596 congressibus

119 3601 259 3663 menti03
283 3598 383 3663 modo,
407 3610 537 3675 tanquam
560 3602 709 3655 rectissime
735 3599 770 3653 de
794 3598 837 3653 his
855 3600 1043 3662 dissoeuisset,
1071 3606 1217 3664 earumque

120 3686 231 3727 causas
251 3669 449 3741 intellexisset3
476 3674 576 3737 modo,
601 3681 765 3743 tanquama
791 3687 855 3724 vero
883 3670 1039 3722 aberrasset
1085 3664 1218 3717 Nonnulli

118 3755 202 3797 vero
230 3736 264 3789 ad
278 3743 441 3795 sententiam
458 3743 614 3796 Aristotelis
632 3742 842 3795 confirmandam
863 3756 893 3792 ac
910 3737 1121 3799 stabiliendam,
1142 3732 1217 3805 quod

119 3812 267 3869 nimirum
295 3825 399 3862 crassus
427 3821 456 3865 et
473 3816 594 3867 fumosus
612 3816 724 3883 spiritus
742 3812 793 3864 suh
815 3822 902 3865 terrae
920 3806 1133 3861 concavitatibus
1152 3820 1219 3857 cort·

121 3886 228 3939 clusus
247 3881 413 3933 eiuscemodi
436 3891 526 3935 motus
552 3880 690 3947 efficeret,
708 3885 738 3933 in
757 3882 878 3933 medium
897 3881 1047 3931 attulerunt
1063 3878 1118 3929 tale
1136 3878 1219 3945 quip-

120 3957 214 4023 piam
231 3957 311 4001 antea
338 3950 373 4002 ah
391 3951 539 4005 Anthemio
556 3955 699 4023 ingeniose
718 3954 899 4019 excogitatum
917 3958 1000 4018 atque
1018 3951 1149 3999 eflectum.
1166 3947 1219 3998 At-

120 4023 182 4092 qui
201 4018 350 4073 Anthemio
369 4020 436 4075 hulc
452 4026 542 4091 patria
557 4024 669 4093 quidem
684 4022 739 4073 fuit
757 4022 822 4073 arba
843 4020 962 4081 Tralles,
983 4036 1024 4069 ars
1041 4034 1104 4071 vero
1122 4018 1219 4069 inuans

119 4096 227 4144 tiones
246 4089 432 4145 machinarum
451 4091 661 4145 fabricatoribus
679 4091 810 4153 usitatae,
837 4091 886 4159 qui
905 4090 1036 4142 linearem
1054 4088 1219 4159 speculatio-

120 4176 199 4215 nem
218 4160 252 4213 ad
270 4164 414 4218 materiam
432 4162 622 4223 traducentes,
648 4162 816 4212 imitationes
835 4159 963 4233 quasdam
982 4164 1011 4212 et
1029 4161 1115 4212 veluti
1133 4156 1219 4206 sima-

122 4231 216 4306 ΜΗ,
247 4248 337 4290 terum
361 4233 627 4289 vere.existentium
654 4231 835 4284 fabricantur!
874 4230 1016 4283 Excellens
1038 4244 1103 4283 vera
1116 4225 1166 4277 hac
1187 4222 1218 4275 in
1298 4288 1309 4310 0

199 4327 340 4396 Agathias.
466 4344 473 4350 ·
892 4347 896 4356 ·
940 4341 972 4397 19
