3109 4950
220 278 224 283 -
316 229 370 331 od
747 256 956 325 assumas

175 408 436 475 saturemus
455 404 590 489 κινήσει,
618 405 809 490 ἐτεθήπεσαν
830 407 871 469 δέ,
886 400 971 486 ὅμως
991 404 1235 491 α’μφιγνοοόυτες
1254 401 1293 469 τοὶ
1314 406 1387 469 ἐσό-

209 480 412 591 LI'²6pssu,
452 507 506 569 καί
532 504 567 567 τό
597 496 795 589 ἀστάθμητον
820 500 954 580 δεδιότες
979 506 1033 588 τῆς
1052 502 1166 590 τόχης,
1208 500 1388 589 μετεώρους

315 631 350 672 τε
369 610 425 671 καί
440 602 635 691 ἀμφιβόλους
656 598 740 685 εἶχον
763 601 821 678 τός
842 601 967 687 γνώμας
973 654 984 685 ,
1003 602 1245 689 καραδοκοῦντες
1260 603 1319 683 μὲν
1336 604 1391 666 καί

283 700 596 783 Βδιαιιννθανόμενοι
615 701 655 775 τοὶ
672 702 859 783 ποιούμενα,
874 701 1091 784 βουλευόμενοι
1109 701 1145 765 δέ
1162 703 1224 766 sois
1240 700 1390 788 κρατοόυ·

314 828 376 869 τιον
395 803 550 887 γενέσθαι.
579 797 608 867 οἱ
627 802 662 867 δέ
678 802 740 865 τιῦυ
757 797 872 885 ἑτέρων
891 801 1034 886 πρέσβεις
1048 794 1244 887 όφικόμενοι,
1265 802 1297 874 ἐς
1314 789 1409 880 <iussi

314 924 347 967 τε
367 902 410 987 τῷ
431 898 557 983 ἡγεμόνι
576 896 784 975 καταστάντες
811 903 867 964 καί
886 896 986 965 ἅπασι
1017 908 1082 978 τοῖς
1102 901 1142 977 έν4
1156 902 1247 979 τέλει,
1267 900 1389 962 ἐδέοντο

314 999 359 1085 μὴ
379 1001 464 1086 σφοῖς
485 1001 633 1085 περιϊδεῖν
653 996 712 1062 ῦπό
737 998 909 1079 ‘Pupulus
928 1000 1143 1082 πιεζομένους,
1177 1000 1391 1080 συλλαβέσθαι

316 1101 352 1169 δὲ
371 1102 488 1180 μᾶλλον
508 1100 564 1163 τοῦ
584 1094 710 1179 δ’γοῦνος,
728 1100 784 1161 καί
801 1097 1056 1163 ἀνακαλέσασθαι
1069 1103 1157 1181 γένος
1174 1095 1339 1184 πρόσοικόν
1355 1120 1391 1160 τε

315 1197 371 1263 καί
388 1198 491 1283 φίλιον
505 1198 559 1259 καί
582 1188 680 1281 όόρδην
701 1192 884 1280 οἰχήσεσθαι
903 1199 1090 1262 κινδυνεῦον.
1109 1196 1272 1266 ἐδίδασκον
1294 1197 1329 1260 δὲ
1347 1194 1390 1268 τός

316 1298 372 1364 καί
384 1288 492 1369 αῦτοῖς
507 1297 540 1371 ές
554 1292 592 1359 τοὶ
606 1294 745 1376 ’μάλιστα
760 1294 912 1377 συνοίσει,
931 1294 975 1378 μὴ
999 1299 1126 1381 ἐφιέναι
1148 1289 1322 1377 Ῥωμαίοις
1338 1294 1389 1359 έπί
1395 1310 1431 1354 10

316 1398 397 1477 μέγα
413 1390 575 1477 δυνάμεως
592 1396 788 1478 αἰρομένοις,
819 1391 900 1460 ἀλλὰ
916 1393 1011 1480 παντί
1034 1397 1139 1459 σθένει
1154 1393 1210 1482 τὴν
1227 1386 1324 1479 αῦξην
1339 1419 1391 1469 κο-,
1485 1413 1489 1418 ·

317 1490 437 1563 λοόειν·
470 1495 522 1573 „ei
533 1490 593 1575 γὰρ
620 1486 704 1555 ἅπαν
720 1490 755 1555 τό
773 1496 804 1556 Γ
803 1489 929 1557 οτθικόν
944 1495 1029 1575 γένος
1046 1490 1185 1557 ἐκποδών
1198 1494 1391 1577 ποιήσονται,

318 1587 377 1655 οῦκ
401 1592 434 1667 ἒς
455 1586 599 1674 μακροὶν”
621 1587 744 1673 ἔφασαν
765 1588 796 1652 οἱ
818 1591 963 1675 πρέσβεις
985 1588 1064 1672 „soi
1083 1595 1156 1671 καθ’
1173 1586 1262 1670 ῦμιῦν
1285 1591 1393 1655 αὐτῶν

315 1684 436 1773 ἥξουσι,
456 1686 510 1751 καί
523 1682 753 1751 οἷνσινειόσονται
766 1685 841 1762 τοῦς
859 1690 1030 1773 προτέρους
1047 1690 1210 1768 πολέμους,
1238 1689 1393 1770 ἐπιλείψει

316 1786 378 1873 γὰρ
396 1781 511 1863 αότοός
526 1782 595 1850 οὐδ’
610 1784 786 1852 ὁπωστιοῦν
802 1782 1003 1871 εὐπρόσωπος
1031 1788 1117 1858 αἰτόν
1132 1789 1166 1863 ές
1181 1783 1431 1873 προκόλυμμαιῦ

288 1891 370 1969 cripe
384 1886 567 1971 πλεονεξίας,
588 1882 667 1949 ἀλλὰ
684 1883 743 1951 σόν
762 1884 833 1972 δίκῃ
852 1910 886 1969 γε
900 1886 984 1967 ῦμιῖς
999 1883 1125 1962 δόξουσι
1141 1889 1293 1967 μετιέναι,
1317 1890 1396 1963 Μα-

318 1982 407 2069 ρίους
424 1983 511 2060 τινὰς
522 1987 576 2049 καί
588 1983 783 2066 Καμιλλονς,
805 1983 859 2047 καί
875 1986 937 2049 τῶν
953 1982 1127 2070 Καισάρων
1141 1981 1215 2058 τοῦς
1234 1982 1396 2068 πλείστους

318 2070 602 2169 δπαριθμοόμενοι,
624 2083 668 2158 τός
688 2079 725 2168 δὴ
746 2079 845 2147 πάλαι
864 2086 939 2148 ποτὲ
958 2089 1023 2159 τοῖς
1038 2074 1102 2146 ism
1118 2084 1290 2167 Γερμανοῖς
1305 2086 1396 2150 πολε-

317 2183 492 2267 μήσαντας,
523 2185 577 2247 καί
597 2180 636 2247 τό
654 2182 731 2272 ῦπέρ
755 2182 870 2278 Ῥῆνον
892 2178 1012 2255 ἅπαντα
1030 2179 1259 2263 κατασχόντας·
1294 2177 1394 2268 ταύτῃ

317 2304 352 2355 τε
373 2275 409 2352 οῦ
429 2280 597 2369 βιάζεσθαι
618 2279 781 2367 δόξουσιν,
802 2277 870 2345 ἄλλ’
888 2280 983 2361 ὁσίαις
1001 2279 1236 2369 ἐπιστρατεύειν
1242 2329 1253 2361 ,
1275 2275 1318 2355 cis
1338 2272 1436 2341 ori-2⁰

387 2401 415 2454 6.
432 2415 460 2452 τε
477 2402 579 2452 omittit
591 2403 654 2454 Bav,
737 2407 762 2457 8.
782 2398 944 2471 πρόσοικόν
954 2413 984 2451 τε
998 2400 1050 2451 καλ
1068 2399 1168 2469 φίλιον
1180 2398 1229 2449 καὶ
1242 2399 1272 2453 λλ,
1286 2399 1397 2459 αλ,Βιιτ.,

386 2470 549 2539 πρόσοικον
563 2475 611 2522 καὶ
626 2466 732 2540 φιλικοὶ
744 2473 814 2539 vulg.
889 2489 930 2529 ro,
942 2468 1040 2528 educte
1052 2499 1087 2512 -
1102 2473 1231 2523 συνοίσει
1248 2469 1278 2524 R.
1293 2476 1321 2520 et
1334 2469 1397 2518 hav.

390 2548 419 2591 et
436 2543 475 2592 sie
487 2541 678 2592 emendaverat
692 2542 778 2608 Toup.
796 2539 830 2591 ad
847 2541 922 2595 Suid.
941 2543 961 2592 1.
976 2559 1002 2610 p.
1015 2542 1065 2602 ts,
1083 2529 1189 2596 adrosis
1205 2567 1235 2587 -ι-
1251 2542 1398 2590 συνοίσειν

390 2611 460 2678 vulg.
533 2629 571 2662 ιι.
588 2611 700 2683 μεγάλα
715 2613 777 2662 Βεν.
848 2610 969 2664 κωλύειν
985 2611 1059 2663 Suid.
1076 2626 1097 2660 s.
1111 2627 1133 2662 v,
1152 2607 1232 2672 αόξη,
1248 2608 1323 2679 quod
1337 2609 1398 2677 pla·

388 2681 561 2748 cetToupio.
634 2685 671 2734 13.
684 2681 818 2750 ἔφθασαν
829 2682 890 2732 Bav.
963 2681 1002 2749 τό.
1017 2678 1222 2745 ἐπιλήψειΒατ.
1294 2676 1398 2736 rhed-

388 2749 502 2814 τρόπιος
513 2751 575 2804 Rev.
657 2750 686 2807 ἐς
698 2750 893 2821 προκάλυμμα
906 2752 935 2803 R.
950 2760 979 2802 et
991 2751 1067 2812 Rau,
1085 2747 1311 2818 εδπροκεέλυμμα
1326 2749 1397 2816 vulg.

390 2821 430 2872 16.
444 2833 478 2888 γε
490 2836 541 2870 om.
550 2820 612 2874 Bav.
680 2840 721 2874 ao.
730 2817 766 2872 osi
781 2821 929 2889 βιάζεσθαι
938 2811 1237 2890 R.mg.Lugd.Bav.,td
1247 2819 1317 2887 βιόζ.
1326 2818 1398 2888 vulg.

320 2949 409 2996 tamen
428 2947 517 3004 eraut,
546 2939 580 2991 de
600 2947 697 2994 eventu
716 2939 873 2995 dubitantes
899 2949 928 2992 et
943 2941 1069 2992 fortunae
1086 2939 1294 2992 instabilitatem
1309 2937 1396 3007 perti-

318 3019 483 3073 mescentes,
520 3018 548 3063 et
573 3009 710 3078 suspensis
734 3009 881 3080 dubiisque
898 3011 996 3067 animis
1023 3009 1204 3063 observabant
1221 3009 1399 3064 sciscitaban-

320 3079 419 3150 turque
444 3079 511 3151 quid
536 3088 672 3148 ageretur,
711 3086 861 3132 statuentes
888 3081 938 3144 iis,
973 3082 1022 3151 qui
1045 3082 1166 3149 potiores
1191 3079 1399 3148 superioresque

321 3158 425 3212 essent,
450 3167 508 3201 sese
526 3150 679 3220 adiungere.
715 3149 836 3202 Aliorum
853 3167 915 3206 vero
931 3160 1050 3204 oratores
1068 3168 1129 3202 cum
1148 3151 1178 3202 in
1193 3151 1262 3218 regis
1283 3165 1398 3216 conspe-

320 3229 394 3272 etum
410 3222 548 3272 venissent
566 3227 593 3271 et
613 3219 732 3272 omnium
750 3222 899 3288 primorum
920 3224 1010 3290 regui,
1031 3220 1159 3283 orabant,
1180 3237 1216 3271 ue
1234 3235 1292 3270 sese
1310 3235 1325 3268 a
1345 3221 1399 3268 ho-

319 3291 406 3342 manis
424 3307 565 3358 oppressos
586 3289 770 3358 despicerent;
807 3291 855 3342 sed
873 3293 972 3343 sociale
996 3307 1056 3342 cum
1074 3292 1140 3358 ipsis
1157 3289 1261 3347 bellum
1277 3289 1400 3357 suscipe-

320 3368 391 3420 rent,
409 3368 436 3410 et
456 3363 529 3428 genti
548 3362 679 3412 finitimae
698 3369 779 3430 atque
797 3362 900 3412 amicae
918 3360 1055 3427 suppetias
1073 3361 1185 3422 ferrent,
1203 3375 1274 3429 quae
1294 3356 1400 3426 alioqui

320 3429 352 3483 in
379 3430 533 3483 discrimine
553 3439 610 3482 erat
637 3447 673 3482 ne
696 3429 820 3482 funditus
844 3440 1018 3484 everteretur.
1054 3429 1243 3482 ostendebant
1259 3437 1400 3498 praeterea

311 3498 375 3552 ¹hoo
395 3499 477 3551 etiam
495 3516 528 3550 ex
545 3501 654 3551 illorum
671 3517 701 3550 re
718 3502 835 3550 maxime
853 3501 985 3562 futurum,
1013 3503 1109 3561 sinon
1129 3508 1287 3568 paterentur
1302 3501 1399 3550 Roma-

321 3586 371 3621 nos
392 3570 427 3622 ad
446 3576 548 3624 tantam
567 3572 717 3636 potentiam
735 3571 829 3632 evehi,
859 3569 907 3622 sed
928 3571 1020 3640 potius
1043 3571 1168 3622 omnibus
1184 3569 1287 3620 viribus
1307 3583 1400 3620 eorum

321 3639 488 3694 incremento
513 3637 654 3690 officerent
699 3638 728 3689 Si
755 3640 827 3690 enim
854 3641 1003 3692 universam
1031 3649 1138 3711 gentem
1161 3638 1304 3692 Gothicam
1323 3636 1401 3689 dele-

314 3711 424 3772 verint,
457 3709 547 3760 statim
566 3709 646 3759 etiam
664 3709 694 3758 in
713 3724 775 3770 vos,
812 3707 941 3761 dicebaut
965 3719 1100 3773 oratores,
1134 3711 1282 3762 exercitum
1301 3707 1402 3758 ducent
1427 3701 1435 3714 ⁴
1502 3717 1509 3738 s

313 3784 351 3828 1ετ
369 3779 572 3846 pristina-bella
590 3778 787 3829 instaurabunt
818 3777 913 3848 Neque
930 3781 1003 3831 enim
1019 3781 1076 3832 illis
1091 3789 1134 3832 est
1149 3781 1277 3833 defutura
1295 3778 1402 3846 specio·

312 3861 351 3900 -sa
370 3848 460 3916 aliqua
481 3865 571 3909 causa,
591 3865 670 3918 quam
689 3849 817 3899 avaritiae
836 3866 902 3900 suae
917 3858 1090 3916 praetexant:
1106 3851 1175 3921 quin
1192 3851 1282 3916 potius
1300 3851 1402 3899 iustum

322 3931 382 3967 seso
397 3916 473 3968 vobis
491 3919 592 3970 inferre
608 3918 712 3978 bellum
730 3917 884 3986 putabunt,
910 3921 1010 3972 Marios
1029 3921 1159 3990 quosdam
1181 3927 1209 3975 et
1227 3919 1354 3970 Camillos
1373 3923 1403 3968 et

323 3984 465 4036 Caesarum
490 3989 635 4057 plerosque
663 3997 850 4052 recensentes,
887 3990 934 4060 qui
962 3993 1027 4042 olim
1054 3991 1127 4042 bella
1150 3989 1276 4042 adversus
1299 3989 1402 4056 priscos

323 4054 472 4107 Germanos
486 4065 639 4122 gesserunt,
659 4067 687 4110 et
701 4067 773 4113 treus
789 4058 912 4112 Rhenum
929 4063 1054 4115 universa
1070 4069 1250 4128 occuparunt:
1275 4057 1402 4127 quocirca

322 4141 378 4178 non
397 4124 450 4175 vim
468 4124 571 4176 illaturi
589 4128 772 4190 videbuntur,
800 4130 848 4181 sed
865 4132 965 4182 iustum
991 4132 1094 4186 bellum
1121 4145 1246 4191 movere,
1274 4137 1402 4198 tanquam

322 4193 395 4253 nihil.
411 4195 530 4256 alienum
549 4199 710 4267 quaesituri,
745 4199 794 4252 sed
810 4202 942 4258 maiorum
959 4219 1069 4258 suormu
1086 4201 1271 4270 possessiones
1287 4211 1401 4267 recupe-
