3109 4950
277 234 332 321 58
703 244 928 333 'scamus

130 424 200 484 be.
218 416 332 483 55rrui
348 408 388 482 τό
406 416 446 481 τό
472 419 606 499 πολέμια
629 409 809 501 ἠσκημένος.
845 409 893 492 οἷς
913 414 952 501 δὴ
976 412 1032 480 κατ’
1059 415 1192 503 Ναρσής
1218 422 1362 504 θέμενος,

168 498 384 584 Η·’6τοῦτ’όν
400 539 435 601 με
458 512 566 593 adroic
583 517 729 603 ἐφίστησι
751 512 941 601 στρατηγόν,
972 517 1029 580 καί
1048 513 1188 582 ἔστελλεν
1211 518 1268 583 κατ’
1287 518 1362 597 τούς

277 610 337 700 ὅπη
356 608 471 701 ἄριστα
486 607 618 698 ήμελλον
635 610 864 697 διαχειμάζειν.
885 611 941 679 τόν
956 614 992 678 δὲ
1010 609 1192 701 Ἀλέμερνον
1206 620 1252 694 εἰς
1270 622 1362 703 Κησ.

276 715 367 780 σι’ναν
383 711 438 799 τήν
453 710 548 779 πόλιν
567 708 749 793 ἀπέπεμπεν
755 763 765 794 ,
787 714 951 797 εἰρημένον
972 705 1075 799 αὐτῷ,
1102 705 1364 790 έπειδσὶναότόσε

276 808 447 901 ἀφίκηται,
470 809 629 895 ἀναβάντα
646 812 679 887 ές
697 806 734 875 τό
750 820 871 894 τεῖχος,
891 807 1096 898 όπερκόπτειν
1114 804 1298 898 ἇναφανδόν
1317 814 1382 890 oiri
1423 804 1433 816 ’

276 908 395 976 ἅπασιν
417 906 502 985 ὅστις
525 908 572 995 εἴη
590 910 832 995 διαγνωσθῆναι.
862 912 1051 996 προσέταττε
1073 909 1250 993 δὲταῦτα,
1278 905 1364 989 ὅπως

276 1007 315 1095 δή
333 1010 363 1074 οἱ
382 1008 522 1097 Φρόγγοι
545 1011 685 1099 (ἐνθένδε
703 1006 772 1103 ηὀἰρΙ
791 1009 1002 1097 διαβήσεσθαι
1016 1001 1171 1097 ἤμελλον)
1192 1008 1364 1077 θεόσαιντό

276 1132 312 1173 τε
331 1106 427 1174 αὐτόν
447 1104 721 1195 αὐτομολήσαντα,
748 1108 805 1174 καὶ
823 1107 1072 1195 ἅπαγσρεόσαιεν
1089 1110 1128 1197 τῇ
1147 1107 1202 1173 ἐπὶ
1222 1108 1280 1194 τήν
1293 1106 1365 1176 Κό.

244 1214 339 1293 Βμην
356 1210 479 1299 πορείᾳ,
510 1212 565 1275 καί
578 1212 616 1297 τῇ
630 1210 693 1273 τῶν
708 1207 882 1295 χρημάτων
907 1209 1028 1290 ἑλπίδι,
1053 1206 1130 1284 ἴσως
1148 1210 1184 1273 δὲ
1198 1208 1255 1273 κατ’
1269 1211 1366 1273 παντὶ

276 1312 322 1396 τῷ
343 1309 476 1397 πολέμῳ,
511 1304 555 1383 ὥς
581 1299 808 1392 ήδηὰπάνιων
827 1307 1156 1393 προκατειλημμένων
1185 1310 1242 1372 καί
1263 1303 1279 1370 d
1300 1309 1404 1389 μὲντο

276 1404 384 1491 ἐπειδή
403 1402 575 1493 παριόντας
601 1401 686 1493 έοόρα
710 1403 786 1483 τοός
808 1405 994 1492 Φρόγγοος,
1027 1403 1228 1492 ἐπεκερτόμει
1248 1429 1281 1471 τε
1302 1400 1362 1470 αὖ.

276 1503 351 1581 rode
366 1506 401 1570 ἐκ
415 1507 473 1570 τοῦ
488 1501 647 1590 μετεώρου
662 1508 717 1569 καί
731 1506 928 1579 ἐπέσκωπτεν
941 1500 985 1581 ὥς
1000 1502 1105 1589 μόνην
1122 1501 1267 1569 τολοιπδν
1278 1506 1362 1569 ἕπει.

276 1604 442 1689 μομένοος,
463 1602 518 1668 κατ’
531 1599 661 1668 κατόπιν
680 1600 815 1688 ήκονεας
831 1606 894 1668 ταῖν
910 1598 1120 1688 πραγμάτων,
1142 1605 1201 1667 τοῦ
1215 1599 1364 1667 rariori.

275 1726 335 1768 τον
349 1700 466 1778 παντός
475 1700 538 1781 ιόπό
560 1702 733 1784 Ῥωμαίων
750 1705 973 1786 κατεχομένου,
993 1700 1050 1766 καὶ
1065 1700 1171 1766 αὐτῶν
1185 1724 1220 1786 με
1243 1700 1281 1786 δή
1298 1704 1363 1765 τῶν

275 1800 475 1888 παρασήμων
488 1803 544 1886 τής
566 1803 598 1865 Γ
596 1804 725 1885 οτθιαής
743 1802 923 1886 ἡγεμονίας·
948 1799 994 1879 ὥς
1017 1798 1051 1864 εἴ
1062 1819 1097 1884 ys
1118 1803 1177 1863 ταί
1191 1824 1240 1877 τις
1257 1806 1402 1871 coice-15

275 1896 337 1965 πδν
350 1895 500 1983 βασιλεῦς
511 1902 575 1967 τῶν
587 1902 618 1965 Γ
616 1896 721 1965 ότθων
736 1895 952 1985 ἆναδειχθειη,
972 1901 1017 1985 μή
1035 1898 1120 1984 ἔχειν
1138 1894 1202 1989 ότρι
1214 1896 1362 1986 ἀρίδηλος

276 1995 325 2083 εἴη
346 2000 402 2064 καί
417 2001 580 2082 ἐπίτιμος,
602 1993 671 2063 ἄλλ’
689 1999 927 2085 ἀμφιέννυσθαι
940 1997 1039 2082 μόνον
1048 1997 1271 2086 στρατιωτικήν
1288 2002 1363 2085 ips.

201 2112 229 2167 P.
241 2109 277 2171 33
284 2096 395 2184 στρίδα
401 2149 412 2180 ,
433 2095 490 2162 καὶ
502 2097 673 2163 ἰδιωτεύειν
688 2101 735 2187 τῷ
756 2095 908 2183 σχήματι.
935 2096 967 2163 οἱ
984 2101 1020 2165 δέ
1037 2099 1178 2185 Φρόγγοι
1191 2097 1363 2185 ἐφόβριζον

272 2199 334 2279 μὲν
353 2196 386 2273 ές
408 2193 505 2263 αὐτὸν
528 2200 584 2261 καί
604 2197 840 2284 ἐλοιδοροῦντο,
869 2196 927 2262 καὶ
945 2194 1099 2284 προδότην
1116 2196 1284 2263 ἐπεκάλουν
1306 2199 1363 2261 τοῦ

271 2297 394 2381 μένους·
428 2294 488 2359 κατ’
503 2321 569 2373 πως
590 2294 761 2383 α’μφόδοξοι
782 2296 936 2381 ἐγίγνοντο
952 2295 1010 2361 dus*
1029 2305 1094 2373 τοῖς
1110 2297 1283 2382 παροῦσιν,
1318 2290 1404 2372 ciero

275 2398 331 2460 καί
350 2396 560 2482 βουλεύεσθαι
579 2398 609 2461 εἰ
629 2399 817 2480 πολεμητέα·
842 2396 930 2461 ἐνίκα
950 2397 987 2459 δέ
1007 2388 1092 2478 ὅμως
1110 2392 1146 2461 τό
1165 2391 1210 2479 μή
1227 2414 1364 2479 μεταμε-

273 2495 463 2575 λεῖναότοῖς,
476 2496 544 2559 ἀλλ’
558 2497 609 2582 ἐφ’
620 2489 792 2580 ἃσόρμηντο
806 2491 864 2578 τήν
870 2493 973 2580 οἷρμήν
983 2499 1039 2559 καί
1046 2489 1086 2579 δή
1099 2497 1154 2560 ἐπὶ
1159 2496 1262 2558 ταῦτα
1272 2495 1363 2559 ἰένατ.

287 2646 291 2655 .
327 2623 350 2660 r.
360 2595 403 2660 οἷς
414 2601 479 2656 stit.
503 2607 527 2658 3.
540 2601 661 2674 ἔμελλον
669 2605 698 2654 R.
714 2600 1239 2676 διαχειμάζεινῆ,διαχειμδσειντοὶς.
1254 2604 1364 2667 Kroul-

325 2673 907 2744 rosrli.,Cr'ssiamIntpr.,Ksoodvprvulg.
955 2677 980 2727 8.
989 2675 1038 2726 ἐπὶ
1047 2674 1187 2746 stuppli.
1226 2672 1365 2744 ιη.μόνον
1412 2700 1415 2704 *

326 2747 367 2810 n,
374 2744 467 2817 μόνην
475 2745 547 2824 vulg.
587 2745 625 2797 18.
636 2744 832 2817 δφύβριζονΒ.
869 2745 1128 2815 τρόπενδλουνλλ.’
1148 2741 1362 2814 αωιδρμητονλλ.

274 2839 405 2909 misitque
426 2840 508 2891 etiarn
526 2835 591 2902 hos,
609 2837 658 2890 ubi
676 2840 895 2902 commodissime
911 2837 1076 2891 videbantur
1098 2835 1284 2903 hibernaturi3
1302 2838 1364 2890 Ali-

274 2924 388 2980 gernum
406 2924 469 2964 vero
488 2905 522 2961 ad
541 2909 672 2962 Cesenam
697 2912 794 2971 urbem
819 2913 859 2964 ire
876 2911 956 2962 iussit
979 2919 1040 2960 cum
1064 2907 1218 2971 mandatis,
1252 2915 1285 2959 ut
1301 2924 1363 2960 cum
1458 2923 1461 2927 ·

276 2997 310 3033 eo
329 2979 449 3034 venisset
469 2995 615 3041 conscenso
636 2995 713 3032 muro
732 2982 808 3034 urbis
824 2981 970 3036 manifeste
988 2981 1060 3034 elato
1076 2979 1165 3046 capite
1180 2980 1361 3048 prospiceret,
1466 3040 1470 3045 1

274 3052 316 3103 ita
332 3057 364 3100 ut
382 3047 416 3100 ab
438 3049 565 3102 omnibus
584 3051 645 3120 quis
664 3060 735 3104 esset
752 3050 875 3122 dignosci
892 3056 994 3120 posset.
1030 3049 1113 3120 Quod
1134 3051 1225 3118 ipsum
1242 3065 1275 3100 co
1294 3065 1363 3100 con·

274 3121 340 3174 silio
368 3119 523 3183 mandarat,
550 3127 582 3171 ut
599 3121 697 3172 Franci
723 3124 770 3194 qui
796 3123 861 3174 illac
877 3121 1040 3173 videbantur
1059 3121 1214 3182 transituri,
1233 3135 1294 3170 eum
1314 3136 1363 3170 sna

275 3199 373 3262 sponte
393 3188 427 3242 ad
445 3193 577 3244 Romanos
597 3192 725 3243 transisse
749 3199 908 3255 cernerent,
938 3199 968 3242 et
990 3189 1024 3242 de
1049 3190 1226 3260 expeditione
1248 3191 1278 3241 in
1306 3188 1363 3240 Cu-

274 3279 351 3324 mas,
369 3263 558 3332 pecuniaeque
576 3273 623 3330 spe
643 3263 764 3315 animum
784 3262 952 3326 obiicerent3
970 3262 1014 3313 vel
1031 3261 1102 3312 forte
1122 3259 1156 3312 dc
1183 3263 1269 3313 totius
1291 3259 1363 3311 betti

275 3348 396 3394 summa,
414 3339 510 3401 utpote
531 3331 598 3383 locis
615 3333 741 3386 omnibus
759 3334 922 3404 opportunis
938 3333 992 3383 iam
1015 3332 1237 3401 praeoccupatis,
1263 3327 1362 3398 despe-

274 3407 373 3455 rarent.
409 3400 499 3472 Atque
518 3402 662 3471 Aligernus
681 3403 793 3475 quidem
817 3405 934 3455 Francos
952 3410 1154 3470 praetereuntes
1173 3391 1363 3468 conspicatus,

273 3471 447 3524 contumeliis
469 3470 613 3524 verborum
637 3489 718 3525 eose
746 3473 858 3526 sublimi
885 3489 962 3525 muro
981 3472 1149 3541 excipiebat,
1166 3479 1195 3523 et
1212 3471 1364 3522 subsanna·

272 3542 336 3600 bat.
363 3549 395 3594 ut
419 3541 518 3594 frustra
542 3539 670 3612 deinceps
696 3545 871 3606 festinantes,
900 3549 1009 3612 etpost
1027 3538 1140 3605 festum,
1169 3539 1244 3612 qnod
1261 3542 1361 3602 aiunt,

273 3615 430 3675 venientes,
462 3628 523 3664 cum
548 3613 668 3681 pecunia
700 3614 787 3666 omnis
815 3615 845 3665 in
875 3614 1053 3665 Romanorum
1078 3620 1242 3682 potestatem
1265 3613 1361 3664 renis-

273 3690 331 3744 act,
360 3691 442 3754 atque
467 3682 535 3736 adeo
556 3682 626 3750 'ipsa
659 3683 741 3734 etiam
777 3682 889 3741 Gothiei
920 3683 1008 3750 princi
1029 3691 1088 3734 atus
1123 3683 1258 3752 insignia3
1288 3681 1360 3733 adeo

272 3759 305 3808 ut
322 3753 347 3806 si
364 3754 425 3825 quis
442 3755 524 3806 etiam
548 3753 579 3804 in
601 3759 740 3820 posterum
758 3767 806 3805 rex
826 3751 980 3806 Gothorum
1006 3700 1204 3815 declararetur,
1227 3767 1285 3803 non
1307 3751 1361 3802 ba·

272 3822 372 3886 beret,
389 3839 443 3894 quo
466 3821 642 3892 spectabilior
665 3821 880 3893 honoratiorque
906 3832 992 3889 esset,
1014 3825 1128 3878 militari
1152 3831 1257 3876 tantum
1281 3829 1361 3874 verte

271 3890 400 3955 indutus,
422 3892 537 3970 ipsoqqe
555 3891 653 3950 habitu
670 3895 808 3964 privatum
819 3894 960 3947 hominem
979 3897 1144 3966 praeferens,
1181 3893 1277 3945 Franci
1294 3909 1360 3944 vcro

272 3970 367 4016 contra
384 3961 411 4013 ei
429 3964 663 4028 convitiabantur,
682 3965 770 4034 gentis
790 3981 855 4018 suae
872 3964 1043 4034 proditorem
1068 3965 1253 4036 appellantes,
1278 3970 1307 4014 et
1324 3963 1361 4014 de

271 4040 344 4088 statu
363 4048 451 4083 rerum
469 4034 605 4103 ambigere
623 4033 798 4098 videbantur,
816 4046 845 4088 ct
862 4055 897 4088 an
914 4036 1017 4089 bellum
1037 4038 1108 4089 ultra
1143 4034 1272 4087 erendum
1292 4031 1363 4101 ipsis

270 4112 344 4158 esset
360 4101 521 4156 deliberare.
558 4105 632 4156 Vicit
652 4113 741 4158 tamen
760 4123 791 4158 ea
809 4108 969 4176 cententio,
996 4053 1188 4164 desistendum
1210 4121 1267 4162 noa
1283 4118 1363 4166 esse»

273 4175 341 4251 quio
357 4175 451 4248 potius
470 4171 622 4244 urgendum
640 4177 809 4238 institutum.
