3109 4950
494 343 776 414 ursroauauu
806 351 832 410 ι.
860 355 892 418 a
1169 343 1243 433 ¹7,

145 500 205 590 τὴν
219 503 277 588 γάρ
298 504 432 588 πάτριον
453 497 684 583 ἀποβεβληκυῖα
705 498 881 580 πολιτείαν,
907 505 972 575 τοίς
992 500 1053 564 τῶν
1068 497 1252 585 κρατοόν-Δ.
1265 511 1294 570 C.
1304 511 1356 572 sss

143 629 207 680 των
218 603 335 688 χρῆται
351 597 502 680 νομίμοις.
533 598 676 683 patiami
697 599 732 662 di
749 596 806 662 καί
825 601 883 662 νῦν
899 592 937 662 oi
951 594 1040 678 μάλα
1055 600 1111 682 τῆς
1131 597 1220 675 άξίας
1238 587 1259 636 Ῑ·
1276 587 1298 686 J·
1322 586 1356 641 ²⁰

144 705 206 766 τόν
218 701 363 778 παλαιάν
376 693 547 782 οἰκητόρων
563 698 795 780 καταδεεστέρα.
816 694 880 760 εἰσί
895 693 955 782 γάρ
973 694 1004 762 οἱ
1025 693 1164 782 Φρόγγοι
1183 697 1258 768 οόΡ.
1272 708 1308 768 13

145 797 291 880 νομάδες,
312 792 414 879 οἵσπερ
437 793 548 875 α’μέλει
564 791 642 858 ἔνιοι
663 794 928 880 τῶνβαρβάρων,
962 789 1043 858 itti
1063 797 1120 859 καί
1136 803 1223 861 πολι·

126 898 214 984 ὅτείογ
232 895 276 970 σός
292 893 332 958 τό
351 888 450 956 πολλά
465 893 606 975 χρῶνται
622 887 791 977 Ῥωμαϊκῇ,
820 894 875 956 καί
894 890 1002 973 νόμοις
1021 901 1087 969 τοῖς
1106 888 1223 974 αότοῐς,

147 994 202 1058 καί
217 993 255 1058 τὰ
271 986 350 1056 άλλα
363 987 475 1073 ὁμοίως
489 984 579 1074 όμῳί
586 1011 620 1051 τε
640 985 679 1052 τά
696 986 873 1070 συμβόλαια
890 991 944 1055 καί
958 989 1087 1074 γάμους,
1101 991 1156 1056 καί
1169 990 1226 1077 τὴν

145 1096 206 1154 τοῦ
220 1093 310 1156 θείου
328 1086 503 1172 θεραπείαν
516 1084 704 1166 νομίζουσιν.
726 1087 916 1171 Χριστιανοὶ
927 1086 987 1174 γάρ
1004 1082 1139 1166 άπαντες
1151 1114 1226 1172 τυγ·

144 1189 296 1272 χάνουσιν
310 1179 398 1261 ὄντες
414 1186 470 1251 καί
485 1188 524 1270 τῇ
543 1182 700 1271 όρθοτάτῃ
714 1183 872 1269 χρώμενοι
889 1184 973 1274 δόξῃ·
994 1185 1103 1269 ἔχουσι
1121 1187 1229 1252 δὲκαὶ

149 1279 304 1371 ἄρχοντας
319 1286 354 1347 ἓν
364 1291 434 1359 ταῖς
452 1281 559 1347 πόλεσι
572 1282 627 1347 καί
639 1279 742 1367 ἱερεῖς,
764 1285 819 1346 καί
830 1280 886 1360 τάς
900 1278 1009 1369 ἑορτάς
1021 1283 1137 1365 ὁμοίως
1151 1282 1228 1369 ἧμῖν

112 1384 339 1462 ιοόπιτελοῦσι,
359 1379 423 1462 καί,
447 1380 491 1456 οἷς
513 1381 546 1444 ἐν
563 1379 714 1467 βαρβάρῳ
727 1382 820 1462 γένει,
839 1378 945 1464 ἔμοιγε
961 1383 1087 1446 δοκοῦσι
1103 1383 1228 1469 σφόδρα

148 1475 233 1544 εἶναι
255 1473 381 1558 κόσμιοί
394 1501 428 1542 τε
450 1476 506 1543 καί
528 1473 721 1546 άστειότατοι
739 1479 795 1540 καί
813 1473 906 1543 addis*
928 1503 960 1542 τι
978 1477 1063 1562 ἔχειν
1081 1477 1117 1543 τὸ
1140 1483 1230 1544 trat-

150 1581 286 1659 λάττον,
317 1571 448 1662 ἢμόνον
469 1575 505 1642 τό
522 1573 718 1662 βαρβαρικόν
742 1578 797 1662 τῆς
813 1580 926 1661 στολῆς
945 1576 1001 1641 καί
1020 1575 1056 1642 τό
1079 1580 1135 1662 τῆς
1160 1601 1230 1664 φα·

150 1678 209 1758 νῆς
224 1675 354 1753 ἰδιάζον.
374 1667 496 1758 όγαμαι
514 1675 572 1760 γάρ
593 1671 710 1752 adroic
728 1677 762 1750 ἐς
778 1672 818 1738 τό
833 1674 973 1756 μάλιστα
989 1673 1086 1759 ἔγωγε
1108 1678 1170 1740 τῶν
1192 1699 1228 1740 τε

151 1764 253 1837 ἄλλων
271 1765 316 1836 όν
337 1771 471 1855 ἔχουσιν
496 1769 627 1858 άγαθῶν
656 1777 711 1837 καί
726 1775 783 1858 τῆς
803 1775 838 1849 ἐς
855 1770 1008 1857 ἀλλήλους
1034 1774 1230 1858 δικαιοσύνης

113 1876 186 1942 ιὸτε
203 1873 256 1934 καί
271 1868 421 1950 ὁμονοίας.
454 1870 600 1947 πολλάκις
616 1869 677 1956 γάρ
693 1864 753 1956 ἤδη
772 1873 827 1935 καί
839 1872 1006 1957 πρότερον,
1034 1872 1091 1935 καί
1109 1876 1169 1954 μὲν
1188 1868 1254 1956 iifl

153 1965 210 2032 καί
228 1967 271 2055 τῷ
285 1973 350 2031 κατ’
373 1971 428 2048 ἐμὲ
443 1967 564 2057 χρόνῳ,
582 1967 682 2052 τυχόν
699 1973 759 2051 μὲν
778 1972 812 2045 ἐς
834 1978 936 2055 τρεῖς,
955 1967 1056 2052 τυχόν
1076 1972 1112 2036 δὲ
1131 1970 1185 2035 καί
1198 1972 1232 2047 ἐς

153 2067 281 2141 πλείους
299 2066 449 2151 ἡγεμόνας
466 2071 523 2152 τῆς
543 2069 645 2153 ἀρχῆς
670 2067 778 2145 αάτοῖς
797 2072 1042 2152 μεμερισμένης,
1071 2065 1233 2136 sinciacus

151 2161 287 2245 1πόλεμον
306 2158 420 2250 ἤραντο
445 2171 513 2230 κατ’
529 2164 688 2250 ἀλλήλοιν,
716 2167 790 2230 οὐδὲ
804 2167 916 2247 αἵματι
931 2167 1076 2255 ἐμφυλίῳ
1094 2166 1151 2251 τὴν
1169 2191 1233 2231 πα·

152 2261 244 2348 τρίάα
259 2259 399 2346 ἔγνωσαν
410 2268 555 2346 μιαίνειν.
572 2267 674 2329 καίτοι
689 2263 766 2328 ἔνθα
783 2260 824 2328 dr
836 2265 971 2348 μεγάλαι
983 2264 1132 2347 δυνάμεις
1145 2264 1233 2352 ι’σόρ’··

111 2361 252 2446 „tonsi
266 2385 300 2424 τε
314 2359 370 2425 καί
384 2363 580 2448 άμῳὴριστοι
597 2357 802 2449 άναφανεῖεν,
829 2366 968 2428 ἐνταῦθα
982 2360 1099 2447 ἀνάγκη
1115 2365 1233 2449 φρονή-

153 2487 241 2543 ματα
258 2459 399 2547 φόεσθαι
412 2459 532 2549 σκληρά
551 2461 607 2528 καί
623 2461 754 2549 όγκοόόγ,
773 2455 1004 2549 palmensia-te,
1015 2458 1119 2549 οόσιιερ
1138 2461 1230 2545 εἰκός,

155 2554 319 2625 distortos
328 2563 383 2625 καί
396 2567 631 2648 φιλοπρωτεῖαι,
652 2560 708 2628 καί
723 2556 805 2626 ἄλλα
818 2553 898 2625 άττα
917 2561 1019 2646 μυρία
1034 2565 1182 2647 ταραχῶν
1196 2586 1232 2627 τε

225 2696 251 2735 a.
262 2681 396 2749 νομίμοις
410 2681 448 2741 λλ,
467 2678 569 2769 γάμοις
583 2681 655 2750 vulg.
732 2684 756 2734 3.
764 2679 983 2771 καταδεέστερον
994 2683 1022 2733 a
1093 2679 1118 2747 t.
1132 2680 1231 2751 ἀμέλει

225 2750 494 2885 όῐιόλὲίῖόάάένδτεῖην
509 2764 543 2872 16¹
549 2753 652 2877 θθεάάόῑ
654 2752 762 2889 ετίρόνλλῃ,
785 2771 837 2872 καί
846 2768 936 2891 Ιἑυνκταςό
952 2750 1037 2891 idi?
1053 2769 1081 2803 u
1097 2750 1232 2872 sinteidtd

228 2885 323 2944 tecm.
340 2886 372 2940 ir.
468 2906 504 2959 ¹7·
526 2888 665 3011 ἧγῳιόνας
681 2890 742 2943 add
763 2905 797 2943 ex
823 2892 854 2947 a.
880 2890 911 2943 fr.
945 2893 1067 2959 etintpr.
1082 2892 1233 2961 principes.

583 2977 597 3012 e

229 2973 271 3009 ao.
284 2956 393 3027 ἀνάγκη
409 2958 515 3017 adden
528 2962 561 3011 iis
598 2978 632 3011 m.
700 2978 741 3013 nr.
753 2961 883 3031 φύεσθαι
892 2963 920 3011 a.
935 2958 1031 3030 bugd,
1049 2961 1153 3030 φύεται
1169 2961 1231 3013 edd.

227 3040 258 3079 τε
276 3043 326 3081 om.
344 3030 373 3080 ll.
444 3047 485 3082 aa.
503 3031 711 3101 φιλοπρωτετιιι
726 3030 776 3094 sn,
795 3031 988 3101 patermutius
1003 3031 1072 3099 vulg.
1089 3039 1117 3082 et
1133 3031 1163 3086 lt.
1227 3050 1231 3058 ⁴

155 3130 214 3167 non
240 3112 385 3167 admodum
406 3118 522 3186 pristina
545 3118 695 3171 incolarum
727 3118 861 3187 dignitate
889 3118 1010 3169 inferior.
1063 3118 1132 3168 Sunt
1158 3116 1232 3167 enirn

157 3186 264 3257 Franci
272 3202 328 3236 non
346 3195 522 3255 campestres,
549 3198 582 3241 ut
599 3190 655 3240 iere
675 3188 802 3308 plerique
826 3188 1018 3249 barbarorum,
1047 3186 1094 3237 sed
1112 3193 1140 3237 et
1156 3186 1231 3254 poli-

158 3256 207 3316 tia,
225 3256 428 3322 utplurimum,
446 3265 558 3309 utuntur
575 3262 693 3311 Romana
712 3267 739 3311 et
768 3258 861 3327 egibus
877 3256 990 3322 liadem3
1016 3255 1130 3307 eandem
1149 3257 1232 3307 etiam

126 3380 128 3386 y
159 3332 344 3376 contractuum
370 3333 398 3377 et
416 3330 570 3396 nuptiarum
597 3330 730 3382 rationem
755 3338 784 3379 et
810 3328 896 3380 divini
920 3327 1038 3377 numinis
1059 3326 1163 3377 cultum
1188 3334 1232 3377 te*

159 3402 236 3445 nent.
276 3395 424 3448 Christiani
443 3398 515 3448 enim
534 3414 626 3450 omnes
645 3406 725 3460 sunt,
748 3399 953 3467 rectissimeque
971 3396 1005 3447 de
1023 3397 1082 3447 Deo
1101 3398 1231 3446 sentiunt.

159 3463 271 3514 Habent
289 3474 317 3517 et
332 3468 501 3535 magistratus
521 3468 551 3519 in
568 3469 681 3522 urbibus
701 3476 729 3520 et
746 3468 914 3533 sacerdotes3
931 3468 999 3517 festa
1018 3469 1100 3518 etiam
1117 3464 1233 3535 perinde

159 3540 244 3603 atque
265 3552 314 3587 nos
336 3537 489 3599 celebrant,
519 3545 546 3589 et
570 3556 619 3606 pro
643 3538 757 3589 barbara
780 3538 891 3589 natione
914 3537 992 3588 valde
1014 3536 1082 3587 milri
1105 3535 1234 3585 ridentur

158 3604 254 3655 civiles
273 3614 300 3657 et
318 3606 433 3671 urbeni3
450 3606 595 3678 nihiloque
612 3626 627 3659 a
644 3608 724 3660 nobis
743 3608 866 3669 differre,
884 3624 966 3679 quam
984 3604 1150 3657 solummodo
1166 3602 1231 3653 bar·

158 3672 253 3725 barico
269 3679 366 3727 vestitu
385 3684 413 3727 et
430 3678 536 3746 linguae
549 3680 720 3747 proprietate.
738 3680 793 3747 Ego
813 3686 885 3729 certe
904 3695 949 3728 eos
967 3694 1027 3728 cum
1045 3676 1081 3726 ob
1098 3675 1151 3724 alia
1167 3675 1232 3741 qui*

158 3742 211 3794 bus
229 3747 346 3812 praediti
368 3754 431 3799 siant
452 3748 538 3813 bona,
563 3758 621 3800 tum
640 3764 703 3800 vero
722 3748 757 3799 ob
775 3758 894 3800 mutuam
912 3752 984 3799 inter
1008 3762 1036 3796 se
1053 3744 1185 3795 iustitiam
1204 3750 1233 3795 et

159 3816 333 3867 concordiam
353 3832 521 3885 summopere
538 3820 628 3871 miror.
647 3820 816 3888 Frequenter
833 3818 905 3869 enim
925 3819 977 3868 iam
995 3823 1023 3866 et
1041 3815 1107 3865 olim
1126 3822 1154 3866 et
1172 3829 1232 3865 mea

161 3891 251 3934 aetate
269 3886 349 3937 modo
368 3888 439 3939 inter
457 3897 522 3949 tres,
539 3890 621 3941 modo
636 3890 708 3940 inter
726 3891 815 3957 plures
831 3889 918 3938 diviso
934 3888 1001 3953 ipsis
1018 3886 1143 3950 imperio,
1160 3901 1233 3937 nun*

160 3968 241 4022 quam
261 3954 387 4007 adversus
412 3970 470 4008 sese
494 3966 588 4009 mutuo
610 3958 714 4010 bellum
742 3963 875 4019 movisse,
899 3972 989 4025 neque
1012 3955 1086 4007 cirili
1103 3957 1232 4025 sanguine

159 4025 277 4091 patriam
295 4026 451 4094 inquinasse
469 4036 582 4081 constat.
618 4029 701 4098 Atqui
715 4028 746 4078 fit
760 4028 831 4089 fere,
849 4034 880 4077 ut
900 4026 949 4075 ubi
966 4027 1055 4092 magni
1072 4033 1135 4077 sunt
1153 4041 1231 4077 exer-

161 4094 231 4144 citus
253 4096 374 4164 aequalis
401 4104 448 4149 aut
465 4096 566 4150 dubiae
591 4100 664 4151 inter
687 4114 715 4148 se
732 4099 887 4164 potentiae,
913 4094 953 4145 ibi
972 4096 1053 4145 etiam
1071 4096 1155 4146 animi
1173 4096 1233 4147 ela-

160 4163 243 4215 tiores
261 4165 467 4235 inflatioresque
485 4168 616 4231 eradant,
643 4176 670 4220 et
687 4168 848 4217 ambitiosae
860 4166 1054 4217 aemulationes
1076 4162 1155 4215 etde
1175 4163 1233 4233 pri-

161 4246 203 4285 mo
221 4232 335 4285 bonoria
353 4236 436 4305 gradu
454 4240 641 4293 contentiones
663 4238 766 4307 aliique
789 4237 926 4290 innumeri
943 4238 1054 4290 affectus
1070 4233 1233 4286 tumultibus

231 4318 379 4387 Agathini.
1037 4336 1054 4370 a
