3109 4950
260 304 266 315 '
307 322 384 376 roo
630 346 640 364 ·
684 402 686 421 ¹
734 323 945 390 eorunm

153 482 183 535 λ.
192 480 220 533 c.
236 478 288 539 set
295 465 512 561 ἀγροικότερον
531 478 732 561 serapti-so.
772 467 887 561 ἄνδρες
908 479 945 542 δὲ
963 476 1123 563 σποράδην
1140 478 1295 563 o’ls'ysaros
1307 482 1380 548 arr·

193 553 444 674 llasswm'ymo
462 576 648 660 σκυθρωποί
669 598 705 638 τε
731 565 813 657 όναν
838 572 895 638 καὶ
918 584 1085 663 κατηφεῖς,
1115 579 1173 642 καί
1195 572 1301 664 οόσπερ
1327 605 1381 645 τει

295 669 436 737 λειότατα
455 675 498 760 τῷ
518 677 662 761 σφετέρῳ
678 676 737 761 βίῳ
760 671 972 757 ἀπειρηκότες
990 672 1068 761 πρός
1096 673 1158 760 γάρ
1181 686 1249 752 τοῖς
1271 670 1379 755 ἄλλοις

297 770 411 844 δεινοῖς
431 774 487 834 καί
511 766 597 834 άπαν
616 768 653 833 τὸ
680 768 849 854 ἐπιχώριον
874 765 979 853 όδοορ,
1007 771 1065 856 τὴν
1089 775 1150 836 τοῦ
1184 774 1378 862 ἀκραιφνοῦς

297 868 353 932 καί
368 870 501 948 ποτίμου
519 862 616 953 φόσιν
632 864 750 953 άθρόον
765 870 985 957 άφηρημόνον,
1006 871 1040 944 tr
1057 867 1093 933 τό
1113 869 1256 957 ἁλμυρόν
1275 868 1399 958 ἧρέμαό

298 969 354 1029 καί
371 957 487 1030 άποτον
510 967 722 1050 μετεβέβλητο.
764 965 820 1031 καί
833 960 872 1051 ἦν
892 962 1018 1031 άπαντα
1041 962 1081 1031 τά
1097 967 1170 1055 τῇδε
1188 972 1306 1055 φευκτά
1322 971 1380 1036 καί

298 1063 567 1149 ἀνατετραμμένα,
588 1062 630 1140 σός
646 1068 744 1149 μηδὲν
758 1068 863 1149 ἕτερον
878 1064 1108 1151 ὑπολελεῖφθαι
1125 1068 1163 1153 τῇ
1186 1065 1273 1131 πόλει
1299 1065 1377 1155 πρός

294 1155 484 1244 εόκοσμίαν,
502 1155 636 1247 ἢμόνον
657 1161 693 1227 τό
711 1162 831 1230 κλεινόν
845 1166 909 1229 τιόν
938 1158 1176 1248 Ἀσκληπιαδῶν
1195 1156 1295 1246 ὄνομα
1323 1170 1380 1232 καί

218 1264 245 1316 P.
254 1256 353 1345 ὄλπην
369 1261 420 1347 ἐφ’
434 1258 631 1347 Ἱπποκράτει
654 1265 884 1345 μεγαλαυχιαν.
916 1262 1076 1349 οἰκτείρειν
1090 1265 1150 1345 μὲν
1163 1253 1221 1328 oris
1233 1264 1274 1329 τά
1288 1264 1377 1330 τοιά-

214 1366 246 1421 V.
255 1368 289 1436 39
296 1364 331 1424 δε
346 1360 385 1426 od
400 1354 510 1445 πόρ’ριο
527 1364 585 1425 τοῦ
594 1361 793 1446 ἀνθρωπείου
810 1361 928 1447 τρόπον
940 1357 1020 1426 εἶναι
1037 1365 1130 1443 δοκεῖ,
1150 1361 1328 1443 θαυμάζειν
1340 1366 1416 1431 diro

294 1460 432 1541 άτεχνοός
447 1458 502 1523 καί
517 1462 798 1543 καταπεπλῆχθαι,
816 1448 942 1542 άνδρῶν
964 1452 1003 1524 dv
1019 1458 1066 1545 εἴη
1091 1455 1130 1526 ου’
1146 1458 1234 1541 μάλα
1258 1461 1298 1526 τά
1315 1488 1378 1526 πα-

294 1556 370 1622 λαιά
388 1559 620 1638 ἐπισταμένων,
634 1552 710 1623 odsi
727 1554 776 1623 ὅτι
803 1557 894 1623 ἐσαεὶ
909 1562 1004 1623 τοῦτο
1029 1556 1068 1644 δη
1087 1555 1122 1623 τό
1139 1562 1196 1643 τῆς
1219 1555 1296 1643 όλης
1309 1584 1377 1642 χω-

295 1659 364 1743 ρίον
379 1654 504 1719 ποικιλα
521 1653 698 1740 παθήματα
729 1656 944 1738 ὑποδέχεσθαι
969 1660 1100 1743 πέφυκε.
1138 1657 1286 1732 πολλάκις
1313 1656 1374 1742 γάρ

293 1746 355 1838 ἤδη
371 1750 427 1818 καὶ
438 1750 588 1839 πρότερον
602 1750 707 1830 πόλεις
722 1779 754 1836 γε
770 1749 843 1819 iilos
856 1759 978 1843 σεισμῷ
991 1755 1222 1842 διεφθάρησαν,
1243 1754 1287 1829 ιός
1299 1753 1375 1829 τοός

293 1852 447 1936 άρχαίους
466 1852 629 1939 οἰκήτορας
652 1851 874 1935 ἀποβαλοῦσαι
894 1856 953 1941 ὐφ’
976 1851 1093 1941 ἑτέροις
1112 1850 1210 1931 αόθις
1226 1856 1413 1927 οἰκιοταῖςιό

295 1953 531 2039 ἀνορθωθῆναι.

378 2052 426 2130 ιζ.
465 2049 603 2135 Aipeia
624 2052 772 2140 Τράλλεις
785 2054 805 2139 ἧ
825 2051 922 2134 πόλις,
940 2054 1010 2138 ἧέν
1025 2056 1064 2142 τῇ
1073 2054 1165 2142 Ἀσίρι
1187 2054 1243 2117 νόν
1258 2058 1373 2117 καλου-

295 2154 373 2238 μένη
386 2151 475 2239 χάρη
495 2145 596 2234 rimosi
612 2177 673 2216 που
690 2156 747 2216 τοῦ
766 2150 960 2239 Μαιάνδρου
978 2156 1124 2232 ποταμοῦ
1141 2150 1313 2236 ἱδρυμένη,
1333 2148 1371 2213 τό

301 2254 362 2331 μὲν
377 2246 511 2314 παλαιὸν
523 2254 699 2335 Πελασγῶν
716 2254 840 2334 γέγονεν
857 2247 1002 2332 οἷποικία,
1023 2247 1085 2314 riui
1101 2252 1137 2315 δὲ
1152 2245 1230 2325 τούς
1246 2248 1375 2331 Αόνοό-

267 2367 373 2417 Βστου
394 2348 560 2436 Καίσαρος
578 2351 714 2436 χρόνους
727 2353 855 2434 ἐσείσθη
870 2372 905 2413 τε
926 2346 1034 2413 ἅπασα
1052 2351 1106 2413 καί
1125 2348 1300 2439 άνετράπη,
1321 2342 1416 2423 saiw

364 2470 576 2541 6.μεταβέβλητο
589 2473 617 2522 ll.
673 2487 696 2537 η.
712 2469 743 2539 τῇ
758 2470 841 2522 πόλει
858 2462 931 2538 πρός
944 2468 1003 2521 erla.
1016 2470 1055 2536 u,
1069 2462 1142 2536 πρός
1156 2463 1244 2518 erim.
1260 2481 1289 2516 π.
1302 2466 1373 2534 vulg.

364 2545 389 2599 a.
404 2536 434 2592 rs
451 2541 566 2592 κιειιον
578 2540 736 2594 seruans.
751 2541 791 2602 u,
803 2529 900 2592 νότιόν
914 2536 1004 2590 uass
1014 2539 1058 2590 xi.
1068 2539 1136 2606 σοις.
1177 2539 1214 2606 17.
1226 2537 1308 2604 ’.ισιη
1320 2540 1375 2587 νον

364 2609 468 2674 limis
482 2611 565 2676 ’Λσίη
580 2611 651 2680 vulg.
744 2628 783 2678 ιρ
804 2607 999 2680 paphlagones
1016 2607 1044 2667 h.
1062 2609 1081 2663 l.
1098 2607 1185 2660 habet
1203 2609 1303 2674 lntpr.‚
1322 2606 1370 2658 scd

364 2681 436 2732 infra
446 2680 583 2748 Pelasgos.

297 2773 475 2832 domunculae
494 2774 614 2842 integrae
632 2773 754 2836 stabant,
783 2771 881 2825 ethre
898 2771 1008 2842 quidem
1027 2789 1084 2824 non
1102 2787 1172 2842 quac
1190 2787 1223 2822 ex
1241 2771 1314 2822 calce
1342 2777 1371 2820 et

296 2842 388 2912 lapide
408 2852 490 2912 atque
509 2859 542 2893 ex
559 2842 688 2895 solidiore
706 2845 798 2914 aliqua
815 2845 954 2914 magisque
975 2845 1050 2894 firma
1070 2853 1098 2895 et
1115 2842 1250 2904 durabili,
1264 2844 1305 2892 uti
1320 2859 1368 2909 par

297 2922 348 2976 est,
366 2915 478 2964 materia
497 2922 576 2963 erant
592 2921 725 2976 structae,
743 2913 791 2964 sed
809 2923 914 2964 tautum
950 2929 1002 2964 uae
1020 2915 1154 2966 exlatere
1170 2930 1226 2963 non
1243 2920 1321 2964 cocto
1341 2917 1370 2960 et

296 2999 330 3034 ex
355 2985 449 3053 argilla
474 2990 604 3052 agrestem
631 2985 661 3035 in
685 2984 795 3036 modum
817 2993 895 3035 erant
919 2985 933 3034 f
967 2986 1072 3036 ricatae.
1116 2983 1273 3034 Paucirsirni
1304 2996 1371 3031 vero

295 3054 408 3122 sparsim
425 3053 547 3106 homiues
566 3055 759 3122 comparebant
775 3055 848 3106 tristi
871 3054 1016 3105 admodum
1036 3053 1207 3122 demissoque
1224 3053 1314 3111 vultu,
1342 3059 1371 3100 et

293 3125 380 3175 veluti
404 3134 522 3176 extreme
549 3124 583 3176 de
610 3125 667 3175 vita
687 3142 733 3175 sua
757 3123 940 3194 desperantes.
984 3125 1091 3175 Praeter
1117 3124 1171 3174 alia
1200 3123 1274 3174 enim
1300 3120 1370 3170 mala

296 3195 382 3244 omnis
397 3197 479 3246 etiam
496 3194 580 3246 totius
597 3194 693 3262 oppidi
712 3212 796 3264 aqua,
822 3212 890 3263 pura
908 3211 938 3246 ac
965 3196 1070 3245 sincera
1084 3193 1257 3262 potabilique
1273 3198 1371 3242 natura

295 3265 438 3316 confestim
456 3264 579 3326 sublata,
599 3264 761 3334 salsuginem
779 3267 880 3317 sensim
895 3273 1072 3326 contraxerat,
1092 3273 1121 3315 et
1137 3265 1215 3331 potui
1228 3278 1284 3311 non
1303 3268 1369 3323 erat3

294 3336 440 3404 omniaque
466 3333 507 3386 ibi
532 3333 696 3386 horrendum
723 3337 753 3388 in
779 3335 889 3387 modum
908 3335 1035 3386 subversa
1052 3331 1230 3393 videbantur,
1253 3329 1320 3381 adeo
1338 3337 1372 3380 ut

292 3402 365 3455 nihil
392 3422 427 3472 op
448 3402 493 3456 ido
521 3402 554 3454 ad
578 3413 765 3456 ornamentum
785 3405 885 3489 reliqui
911 3405 1012 3456 sactum
1036 3413 1123 3467 esset,
1152 3409 1258 3471 praeter
1282 3401 1370 3459 solum

292 3421 512 3542 Asclepiadirrum
537 3473 641 3525 illustre
667 3491 767 3526 nomen
793 3482 821 3526 et
847 3475 980 3543 insignem
1010 3473 1044 3523 Hi
1065 3475 1182 3544 pocratis
1210 3473 1291 3522 ineo
1312 3471 1369 3520 uati

291 3543 410 3662 gloriam.
448 3543 688 3596 Commiseratione
707 3549 801 3614 itaque
819 3545 912 3596 harum
932 3561 1019 3596 rerum
1038 3492 1101 3596 duci
1119 3560 1174 3594 non
1195 3543 1316 3592 alienum
1333 3539 1368 3590 ab

312 3631 408 3666 umano
430 3630 504 3666 more
525 3612 647 3664 videtur:
666 3615 793 3666 admirari
811 3631 874 3666 vero
893 3613 1067 3665 vehementer
1085 3621 1113 3664 et
1130 3612 1259 3681 percelli,
1278 3609 1368 3661 homi·
1416 3665 1421 3677 ⁹

292 3699 358 3733 num
378 3685 471 3747 fuerit,
489 3681 537 3754 qui
554 3691 675 3734 veterum
701 3702 789 3736 rerum
806 3701 900 3751 parum
918 3691 981 3734 suut
1000 3684 1092 3752 periti,
1111 3685 1214 3753 quique
1232 3681 1368 3740 nesciunt,

290 3752 365 3822 quod
382 3753 449 3806 haec
466 3763 552 3805 terrae
571 3754 644 3822 regio
664 3771 710 3804 sua
729 3761 824 3805 natura
841 3761 974 3822 perpetuo
999 3753 1085 3804 varias
1105 3755 1134 3804 in
1156 3770 1184 3804 se
1211 3751 1367 3801 affectiones

289 3821 424 3889 suscipere
443 3825 535 3876 soleat.
562 3823 730 3893 Frequenter
748 3826 821 3876 enim
842 3826 922 3876 etiam
941 3822 1054 3874 antehac
1073 3823 1154 3874 urbes
1172 3823 1292 3890 integrae
1311 3829 1368 3871 ter-

288 3907 334 3942 rae
347 3899 422 3944 motu
441 3896 588 3962 perierunt,
608 3893 674 3945 adeo
693 3901 725 3945 ut
742 3894 877 3947 veteribus
897 3894 995 3945 incolis
1015 3901 1110 3945 exutae
1129 3893 1164 3944 ab
1182 3893 1242 3944 aliis
1263 3905 1368 3941 rursum

288 3959 475 4014 conditoribus
493 3966 548 4015 sint
563 3964 735 4016 instauratae.

360 4047 397 4099 ιη.
435 4031 538 4084 Tralles
557 4033 649 4102 itaque
669 4033 749 4096 urbs,
772 4035 803 4084 in
819 4032 882 4086 Asio
907 4051 980 4085 nunc
1008 4033 1048 4084 ita
1076 4031 1149 4084 dicto
1176 4046 1271 4150 campo
1292 4030 1368 4081 iuxta

284 4097 462 4154 Maeandrum
479 4101 589 4154 fluvium
608 4104 677 4166 sita,
699 4103 765 4155 olim
782 4102 893 4175 quidem
913 4103 1084 4173 Pelasgorum
1104 4102 1211 4153 colonia
1243 4101 1294 4164 uit,
1316 4098 1366 4150 sub

285 4167 399 4240 Augusti
416 4187 479 4224 vero
506 4171 625 4223 Caesaris
643 4181 763 4243 tempora
780 4182 958 4236 terraemotu
977 4182 1101 4243 quassata
1118 4178 1160 4224 est
1177 4179 1205 4222 et
1224 4170 1370 4230 subversa,

287 4240 413 4312 nihilque
440 4243 471 4296 in
497 4259 529 4294 ea
553 4241 686 4310 integrum
711 4245 844 4296 relictam.
887 4242 997 4312 Oppido
1023 4241 1135 4296 veroin
1159 4240 1234 4293 hunc
1253 4237 1366 4293 modum
