3109 4950
435 316 717 387 nrsrorurou
742 319 796 383 ιν.
816 321 868 394 27.
1105 286 1187 401 267

116 473 175 544 άτε
203 477 241 561 δὴ
262 471 326 540 άπὸ
346 475 413 540 τάν
438 465 568 540 Orines
590 473 927 565 κατεστρατηγημένος·
962 467 1113 538 Οδννιιιδν
1130 465 1190 554 γάρ
1200 471 1234 526 Α.
1242 469 1270 524 C·
1280 470 1335 551 556

113 583 201 663 γένος
221 573 250 639 οἱ
269 577 486 659 Νεφθαλῖται.
535 570 646 648 Βάλας
670 573 706 638 δὲ
729 567 876 637 rivosicco
900 563 1041 655 άδελφδς
1057 565 1111 632 ἐπὶ
1131 543 1293 652 saisl'l'³⁰

113 672 218 762 άρχῆν
232 667 370 756 άναβάς,
388 672 484 736 οδδέν
501 696 533 735 τι
545 670 694 756 φαίνεται
712 664 926 756 άξιαφήγητον
948 664 1068 754 δράσας
1094 667 1187 732 πολέ-

113 799 182 856 μων
197 775 287 837 ἕνεκα
311 769 367 834 ιιαί
391 766 617 856 παρατάξεων,
642 768 681 831 ’σά
705 764 801 849 μόνον
817 769 859 854 τῷ
885 769 985 854 πρᾶος
1007 761 1087 832 εἶναι
1112 761 1186 838 τοδς

96 867 253 957 ὅτράπους
280 867 335 934 κατ’
365 860 474 953 ἤπιος,
509 868 567 932 καὶ
595 863 676 953 πρὸς
708 863 811 950 ὁρμάς
838 863 971 948 άλάγσυς
998 865 1053 930 καῖ
1078 866 1227 944 δυσμε-Ρ.
1235 871 1288 931 188

58 1040 63 1051 ¹
113 967 198 1045 νεῖας
224 968 268 1033 ὀδ
300 969 389 1049 μάλα
421 968 676 1046 διανιστάμενος,
706 965 775 1029 ἀλλ’
807 957 855 1028 ὅτι
884 961 938 1028 καὶ
962 963 1088 1050 βραχὺν
1120 964 1192 1025 ἕπε·

112 1071 173 1154 βίω
212 1065 341 1154 χρόνον*
371 1067 500 1150 τέτταρα
523 1061 585 1150 γάρ
608 1058 692 1151 αὐτῷ
713 1061 811 1145 μόνον
834 1060 888 1147 ἔτη
914 1061 994 1127 κατά
1017 1058 1075 1146 τὴν
1099 1066 1193 1144 βασι-

114 1165 204 1232 λείαν
216 1168 398 1251 διέδραμεν.
417 1161 473 1228 ἐπὶ
483 1161 586 1251 τούτῳ
603 1163 804 1246 δὲΚαβάδης
820 1159 836 1226 δ
845 1160 1005 1247 Περόζου,
1021 1165 1085 1226 τῶν
1099 1167 1190 1248 Περ·
1200 1165 1232 1222 V.
1243 1183 1275 1236 97

113 1266 209 1330 σικῶν
233 1261 426 1349 πραγμάτων
456 1259 633 1347 κρατήσας,
671 1258 805 1334 πολλοὺς
827 1261 886 1340 μὲν
916 1258 998 1324 κατά
1022 1260 1193 1342 Ῥωμαίων

79 1366 272 1444 ισπολάμους
288 1362 436 1446 διήνεγκε,
457 1357 557 1424 πολλά
577 1361 613 1424 tt
629 1356 710 1424 κατά
722 1356 895 1445 βαρβάρων
912 1361 976 1424 τῶν
992 1353 1194 1446 προσοικσάν-

81 1470 84 1483 “
111 1485 177 1526 των
204 1458 312 1544 ἔστησε
342 1457 496 1545 τρόπαια,
527 1457 582 1522 καὶ
610 1454 724 1545 χρόνω
748 1457 864 1522 οὐδένα
888 1459 1007 1542 παρῆκε
1039 1465 1195 1544 ταραχαῖς

111 1583 148 1624 τε
162 1560 217 1622 καῖ
233 1558 384 1634 κινδύνοις
399 1556 682 1641 ἕγααλινδοάμενοςε
712 1547 805 1642 ἧνδὲ
821 1547 885 1640 ἄρα
903 1555 958 1623 καῖ·
972 1555 1049 1642 πρὸς
1060 1554 1095 1622 τὸ
1111 1556 1195 1642 δπή-

112 1681 186 1722 κοον
199 1651 317 1742 άπηνὴς
329 1679 362 1721 τε
379 1657 435 1722 καί
450 1657 726 1742 δυσταῖάσσευτος,
749 1653 806 1720 καῖ
825 1648 889 1732 οἷος
902 1651 1057 1722 ἀνακινεῖν
1077 1653 1116 1722 τά
1139 1679 1222 1732 ιτα-Β

111 1757 257 1820 θεστῶτα
266 1806 277 1837 ,
298 1751 330 1833 ἔς
345 1778 381 1818 τε
396 1752 453 1840 τὴν
470 1753 633 1840 πολιτικὴν
647 1757 773 1820 δίαιταν
791 1765 1005 1843 καινουργεῖν,
1025 1755 1081 1820 καί
1088 1755 1196 1842 Ιπαρα.

77 1857 238 1940 ιότρέπειν
251 1851 292 1919 τά
311 1856 412 1920 πάλαι
428 1857 663 1936 σσνειδισμδνα.
683 1858 804 1938 λέγεται
828 1857 864 1920 δὲ
881 1853 925 1930 οὖς
942 1852 997 1920 καί
1010 1853 1105 1936 νόμον
1122 1851 1196 1918 ἔθε-

112 1975 165 2033 το,
195 1949 285 2018 κοινά
307 1961 372 2028 νοω
393 1947 530 2040 άνδράσι
549 1957 734 2039 προκεῖσθαι
751 1950 792 2018 τά
808 1953 942 2036 γύναια,
974 1953 1013 2016 οδ
1034 1949 1114 2018 κατά
1140 1950 1196 2018 τὸν
1223 1969 1225 1973 “

113 2050 318 2137 Σωκράτους,
339 2046 446 2132 οἶμαι,
466 2049 523 2114 καὶ
538 2047 711 2128 Πλάτωνος
728 2051 836 2135 λόγον,
858 2051 912 2116 καῖ
932 2047 1038 2135 crisis
1056 2049 1195 2140 τῷλόγῳ

112 2153 328 2235 κεκρυμμένην
358 2149 530 2235 ὠφέλειαν,
566 2143 636 2214 άλλ’
662 2145 743 2214 ὥστε
774 2150 819 2237 τῷ
840 2150 1045 2236 προστυχόντι
1079 2153 1196 2228 ἐξεῖναι

113 2244 194 2335 πρὸς
216 2245 262 2333 ἢν
275 2243 315 2314 άν
335 2251 445 2314 ἐθέλοι
457 2256 577 2334 χωρεῖν
612 2249 669 2313 καῖ
690 2251 747 2331 τῆς
770 2248 862 2333 εὐνῆς
884 2245 1145 2331 μεταλαγχάνειν,
1166 2249 1197 2312 εἰ

74 2347 167 2423 γοναὶ
178 2343 278 2437 άτέρεγ
294 2371 338 2436 τρι
355 2350 545 2413 συνοικοῦσα
561 2345 617 2411 καὶ
636 2347 863 2434 άποκεκριμέυη
878 2346 1038 2430 ἐτύγχανε.

180 2500 206 2540 2.
232 2481 325 2539 Βάλας
344 2482 429 2552 Lugd.
453 2484 483 2534 in
500 2499 566 2552 rog„
591 2485 622 2535 in
645 2482 742 2537 ordine
768 2490 858 2535 autem
872 2474 998 2551 Ὀβδλας,
1021 2478 1131 2552 Οδάλας
1146 2482 1195 2545 s,

182 2553 284 2609 Valens
291 2554 376 2621 lutpr.
402 2555 590 2621 incorruptum
598 2571 699 2607 nomeu
708 2555 843 2607 Persicum
853 2553 1028 2611 estPolosch.
1045 2554 1194 2605 HuncPro-

181 2624 288 2691 copius,
304 2622 352 2692 qui
366 2621 504 2674 dehorum
519 2641 610 2693 regum
625 2626 794 2676 successione
803 2642 900 2695 parum
910 2632 1044 2691 comperta
1053 2623 1195 2693 congessit,

178 2693 264 2761 paulo
274 2691 373 2743 rectius
386 2692 486 2745 Βλατέα
494 2702 582 2757 vocat,
601 2695 649 2746 scd
659 2696 688 2747 in
698 2712 730 2747 eo
745 2704 832 2759 errat,
844 2694 918 2766 quod
931 2696 1062 2745 inlocum
1079 2692 1195 2745 Cabadis

180 2766 388 2845 tutiectumesse‘
396 2760 489 2819 tradit.
507 2766 531 2819 8.
538 2762 569 2817 tt
578 2767 688 2832 sapit,
707 2763 738 2819 st
749 2768 798 2817 καὶ
807 2768 841 2819 Κ.
851 2766 921 2835 vulg.
961 2768 999 2821 15.
1011 2764 1100 2815 πάλαι
1111 2764 1195 2815 omit.

109 2889 160 2941 bes
171 2888 307 2954 etsossas,
323 2907 391 2961 quac
399 2891 433 2944 ad
442 2892 629 2963 longissimum
634 2892 665 2956 in
674 2912 767 2963 campo
777 2902 894 2947 tractum
904 2894 938 2946 ad
953 2894 1104 2947 fallendum
1121 2900 1197 2947 eraut

109 2960 263 3023 confectae,
278 2969 359 3030 atque
377 2962 490 3013 ibicum
510 2965 631 3015 exercitu
644 2964 754 3016 interiit
765 2972 861 3035 quarto
873 2972 901 3015 et
912 2965 1043 3033 vigesimo
1062 2966 1137 3033 regni
1153 2965 1197 3016 sui

109 3048 192 3095 anuo,
210 3031 350 3101 vitamque
367 3032 457 3084 finivit
468 3034 613 3103 inglorius,
632 3043 729 3103 utpote
744 3035 779 3085 ab
796 3036 903 3087 Hunnis
920 3034 1081 3085 debellatus.
1118 3035 1197 3085 Hun-

109 3102 172 3152 nica
190 3101 267 3153 enim
282 3118 347 3170 gens
374 3102 564 3172 Nephtalitae.
608 3104 686 3157 Bolas
703 3114 794 3157 autem
820 3104 902 3155 huius
927 3104 1011 3155 frater
1029 3104 1064 3155 ud
1084 3121 1197 3171 regnum

111 3180 241 3235 evectus,
268 3172 340 3225 nihil
365 3182 517 3225 memoratu
547 3172 659 3242 dignum
683 3176 819 3228 bellorum
850 3181 897 3226 sut
921 3174 1089 3241 proeliorum
1115 3190 1203 3237 sauss,

111 3244 210 3311 Βατείας
233 3259 290 3293 aon
311 3244 401 3296 solum
424 3244 490 3313 quia
516 3244 632 3311 placidis
650 3253 722 3297 osset
739 3245 861 3297 moribus
880 3250 912 3295 et
930 3244 1022 3307 mitis,
1048 3252 1077 3295 et
1101 3242 1196 3295 adir-

108 3315 251 3382 ruptiones
268 3314 402 3365 violentas
422 3314 561 3366 faciendas
585 3314 809 3385 hostilitatesque
835 3312 997 3366 exercendas
1021 3330 1077 3365 non
1100 3312 1197 3367 admo-

108 3382 173 3434 dum
198 3392 360 3451 promptus,
384 3384 434 3437 sed
457 3386 539 3437 etiam
560 3386 634 3455 quod
662 3386 697 3437 sd
722 3389 849 3455 exiguum
873 3392 979 3453 tempus
1008 3385 1196 3451 supervixerit.

107 3452 236 3521 Quatuor
256 3453 329 3503 enim
349 3454 483 3507 duntaxat
501 3457 566 3507 anni
589 3457 616 3507 ei
639 3458 669 3507 in
698 3473 781 3524 reguo
802 3462 865 3507 sunt
888 3451 1002 3507 decursi.
1039 3456 1101 3505 Post
1122 3454 1196 3505 hunc

106 3524 193 3574 ctiam
213 3521 340 3587 cavader,
353 3524 445 3576 Perosi
462 3527 502 3589 Ε,
521 3527 627 3578 Persico
643 3527 758 3593 imperio
779 3527 893 3595 potitus,
907 3525 998 3575 'multa
1018 3523 1129 3593 quidem
1145 3522 1195 3575 sd-

106 3606 202 3644 versus
219 3592 354 3644 Romanos
378 3594 452 3646 bella
474 3599 577 3665 gessit,
606 3598 693 3647 multa
710 3597 792 3647 ctiam
818 3614 833 3646 a
853 3596 983 3647 finitimis.
995 3594 1116 3645 barbaris
1135 3602 1194 3646 tro-

106 3660 199 3783 phaea
221 3662 332 3725 retulit,
350 3668 545 3733 neque-ultum
562 3674 669 3737 tempus
687 3667 880 3735 praetermisit,
900 3682 954 3735 quo
971 3682 1027 3715 nou
1045 3671 1117 3729 esset
1133 3671 1194 3717 tur-

128 3732 153 3782 is
179 3730 363 3801 periculisque
384 3736 546 3788 involutus:
572 3748 629 3789 erat
648 3754 712 3789 vero
736 3739 817 3790 etiam
842 3738 870 3787 in
900 3735 1024 3787 subditos
1046 3750 1139 3785 saevus
1164 3744 1193 3789 et

107 3798 306 3864 intractabilis,
323 3810 457 3872 aptusque
478 3806 513 3858 ad
525 3824 564 3870 ea,
581 3808 731 3878 quaebene
748 3809 896 3860 constituta
914 3812 1000 3865 erant,
1017 3803 1191 3869 turbandum,

97 3880 138 3923 -ct
151 3868 188 3921 ad
203 3870 284 3921 civile
300 3870 411 3923 vivendi
423 3891 505 3942 gersus
519 3877 706 3931 innovandum
724 3887 884 3949 veteresque
898 3872 1107 3926 consuetudines
1128 3876 1194 3927 sub-

106 3939 259 3993 vertendus.
313 3942 424 3993 Dicitur
454 3960 519 3998 vero
554 3950 636 3999 etiam
661 3947 708 3997 hic
733 3949 822 4017 legem
847 3946 966 4006 tulisse,
1001 3960 1057 4021 qua
1076 3946 1194 3999 feminae

107 4011 174 4061 viris
192 4028 347 4064 communes
369 4014 607 4081 prostituamus,
625 4034 681 4070 non
700 4034 733 4067 cx
747 4018 873 4079 Socratis,
889 4014 1013 4078 arbitror,
1028 4024 1056 4067 et
1073 4017 1193 4069 Plutonis

107 4078 256 4146 instituto,
280 4090 329 4135 aut
346 4083 476 4136 utilitatis
495 4086 525 4135 in
541 4104 573 4137 ea
592 4086 749 4137 reconditae
768 4094 910 4155 respectu,
939 4086 986 4137 sed
1006 4096 1037 4139 ut
1052 4087 1137 4141 cuivis
1154 4086 1192 4136 li·

108 4157 196 4212 ceret,
212 4168 272 4203 cum
290 4171 346 4224 qus
362 4153 465 4206 liberet
483 4171 540 4206 uem
559 4154 675 4221 habere,
695 4157 778 4210 etiam
800 4157 825 4211 si
840 4156 921 4213 alteri
944 4156 1026 4213 alicui
1044 4164 1130 4227 nuptu
1148 4170 1191 4207 es-

109 4226 163 4281 *st
183 4220 264 4293 eique
284 4222 395 4279 addicta
413 4226 575 4281 conviveret.
613 4253 615 4264 ι
703 4304 710 4315 ⁴
