3109 4950
506 292 790 393 nrsronmnun
824 330 879 391 nr.
902 330 953 397 rs.
1181 333 1261 418 179

178 479 285 565 έπειδή
307 477 406 562 νάπης
424 477 521 555 τινὸς.
535 483 649 555 λασίοις
672 479 838 565 ε’κύρησεν,
865 475 1014 565 ύφιζάνει
1037 500 1072 544 τε
1086 472 1189 567 ήρέμα
1206 485 1299 553 καίΑ.
1312 497 1341 549 C·
1354 496 1405 553 555

177 577 368 644 ἀποδύεται·
391 572 475 641 ούτω
497 602 531 643 τε
550 576 684 663 διαδράς
697 577 770 655 τούς
787 576 959 660 ἑπομένους
976 578 1032 642 καί
1056 578 1259 664 προτερήσας,
1269 568 1319 624 Ῑ·Ῑ·
1327 578 1362 641 29'

177 666 233 763 ἧκε
245 680 395 762 δρομαῖος
415 672 502 761 παρά
515 676 586 753 τούς
599 668 752 753 Ούννους·
774 674 875 763 εύράν
888 678 923 740 δὲ
940 671 1081 751 ἀπαντάς
1093 674 1294 759 ἀντιμέυωςΙ)

179 774 297 841 ούτωσί
318 776 575 855 ἀναπαυομένους
598 773 654 839 καέ
685 774 927 860 ύπορέγχοντας·
949 766 997 855 „oi
1018 773 1170 839 δείλαιοι”
1199 775 1262 864 ἔφη

157 870 315 957 5,,αύτίκα
331 872 419 954 μάλα
437 874 637 952 ἀπολεῖσθε”,
660 875 754 958 τυρόν
769 898 801 937 τι
819 873 977 957 ἐμβοήσας
995 876 1051 938 καί
1064 874 1263 959 διαπρύσιον.

180 957 262 1037 δύτω
280 996 313 1035 τε
327 966 443 1046 αύτούς
465 966 558 1051 μόλις
588 965 859 1053 ἀνακαλεσάμενος
882 973 915 1046 ές
935 968 1127 1057 ἐγρήγορσιν,
1149 968 1261 1055 ἀγγέλ-

179 1080 227 1138 λει
243 1070 319 1145 τούς
332 1068 503 1149 πολεμίους
519 1062 592 1133 ὅσον
605 1060 691 1133 ούπω
705 1072 949 1155 παρεσομένους.
969 1067 999 1133 οἱ
1015 1071 1051 1133 δὲ
1063 1065 1118 1147 ξύν
1126 1070 1257 1160 θορύβῳ

180 1164 422 1249 διαναστάντες,
455 1166 509 1231 καί
529 1166 567 1232 τά
590 1161 672 1237 ὅπλα
690 1165 952 1253 περιβαλόμενοι,
980 1164 1068 1244 έκτύς
1085 1172 1142 1233 τοῦ
1156 1194 1262 1252 χαρα-

180 1268 321 1351 κιύματος
340 1263 542 1351 ἀπεχώρουν,
573 1264 628 1330 καί
654 1264 906 1351 ἀπεκρύπτοντο,
935 1268 1011 1353 διχῇ
1026 1272 1261 1355 μεμερισμένοι·

138 1371 343 1439 ιοιιατέλιπον
361 1368 396 1429 δὲ
405 1364 462 1449 τήν
477 1388 512 1429 τε
528 1362 651 1429 εἴσοδον
666 1359 859 1451 ἀφύλακτον,
879 1367 935 1429 καί
952 1360 1036 1448 ούτω
1055 1366 1134 1430 κατά
1150 1367 1262 1453 χώραν

177 1463 319 1540 ἑστῶτας
335 1461 409 1539 τούς
430 1466 465 1529 εἰι
480 1466 545 1528 τῶν
562 1461 663 1541 ’ξύλων
682 1486 717 1527 τε
730 1460 786 1525 καί
798 1462 995 1549 έφεστρίδων
1013 1466 1264 1545 ἐσκευασμένους

180 1567 343 1639 οἰκίσκους.
367 1561 396 1627 οἱ
421 1565 457 1627 δὲ
482 1568 668 1645 Διλιμνῖται
689 1565 836 1638 πλείστας
854 1565 913 1645 μὲν
929 1557 1018 1642 ,δσας
1036 1560 1200 1647 ἀτραπούς
1219 1566 1260 1649 τῇ
1344 1615 1354 1638 ,

180 1662 307 1751 ἀπειρίᾳ
329 1664 391 1727 ταῖν
418 1658 522 1727 τύπων
549 1657 835 1750 ἀναμετρήσοντες,
869 1660 951 1748 πλήν
976 1663 1045 1726 ἀλλ’
1065 1658 1113 1726 ἔτι
1140 1660 1203 1725 ύπύ
1222 1660 1259 1725 τύ

178 1762 294 1846 κνέφας
308 1762 340 1837 ές
355 1758 389 1824 τύ
411 1762 475 1823 ταῖν
492 1753 619 1826 Ούννων
633 1759 845 1847 στρατόπεδον
861 1756 1045 1847 ἀφιγμένοι,
1066 1757 1256 1842 ἐσβάλλουσι
1264 1774 1290 1827 Ρ.
1298 1772 1335 1833 94

139 1855 353 1945 ιόθαῤῥαλέοι
368 1861 421 1923 ε’πί
437 1862 520 1947 κακῷ
540 1864 583 1946 τῷ
600 1862 753 1948 σφετέρῳ,
775 1864 832 1926 καί
847 1858 923 1925 εἴσω
944 1856 1077 1933 ἅπαντες
1094 1858 1262 1941 γίγνονται.

128 1978 134 1983 “
179 1956 315 2039 πάταγος
331 1958 365 2019 δὲ
383 1952 440 2019 ούκ
456 1952 510 2042 ἦν,
533 1958 607 2022 ούδέ
626 1955 706 2043 βοή,
728 1959 772 2033 οἷς
793 1951 832 2022 ἀν
849 1956 895 2043 μή
914 1960 1027 2022 ἐκείνοι
1043 1954 1262 2035 ’ξυναύτθοινιο

181 2058 280 2139 δῆθεν
297 2054 352 2119 καί
371 2055 618 2139 ἀφυπνισθεῖεν,
649 2057 716 2121 ἀλλ’
733 2058 880 2143 ἠρεμαῖοι
900 2054 940 2121 τοὶ
960 2057 1081 2141 δόρατα
1098 2053 1131 2131 ές
1150 2079 1185 2118 τε
1209 2052 1278 2132 τάς,

179 2148 274 2227 εύνάς
294 2156 349 2218 καί
362 2150 421 2229 τύς
434 2154 574 2237 καλύβας
593 2152 770 2240 ἠκόντιζον,
793 2156 837 2231 ὥς
852 2152 927 2230 τούς
940 2152 1154 2228 καθεύδοντας
1170 2148 1264 2217 ἀναι-

180 2252 325 2337 ροῦντες.
347 2243 409 2337 ήδη
428 2276 463 2317 τε
483 2244 574 2340 ᾤοντο
598 2248 681 2318 ἅπαν
705 2249 813 2330 αύτοῖς
831 2251 971 2339 ήνύσθαι
991 2248 1027 2314 τύ
1051 2249 1160 2335 ἔργον,
1182 2247 1264 2314 ἀλλά

135 2347 251 2419 υστύτε
269 2348 298 2413 οἱ
313 2348 461 2437 Σύβειροι
480 2354 515 2416 έκ
538 2354 594 2436 τῆς
621 2354 751 2439 ἐνέδρας
771 2349 970 2437 ἑκατέρωθεν
990 2348 1191 2432 ὁρμηθέντες,
1209 2350 1263 2411 έσ-

178 2449 347 2514 πίιιτουσιν
364 2449 470 2525 αύτοῖς
481 2453 665 2530 ἐξαπιναίως
682 2455 737 2518 κατ’
753 2453 971 2538 ἐπιφέρονται.
993 2446 1022 2514 οἱ
1038 2450 1074 2512 δὲ
1086 2442 1204 2532 ἀθρόον
1217 2448 1264 2535 τήν

129 2553 131 2560 ’
179 2548 404 2638 ἀπροσδοκήτῳ
423 2551 689 2634 καταπλαγέντες,
718 2551 773 2616 καί
793 2553 827 2628 ές
842 2547 993 2616 τάναντία
1012 2551 1082 2614 ταῖνι
1097 2547 1262 2611 ἐλπισθὲν*
1325 2552 1327 2555 ’

249 2687 277 2744 3.
296 2686 439 2776 δρομαίως
456 2691 485 2772 Β,
591 2691 616 2758 4.
634 2688 791 2762 sinopidem.
813 2690 885 2760 vulg.
984 2693 1023 2745 16.
1043 2688 1083 2747 nis
1108 2685 1146 2746 siv
1162 2707 1214 2743 om·
1234 2693 1264 2745 u.

254 2777 292 2828 ιφ
312 2763 435 2823 sanotae
455 2775 487 2812 το
507 2758 593 2829 ἔργον
612 2763 652 2824 n,
669 2758 700 2814 τδ
716 2763 773 2834 ἕργ.
793 2759 837 2826 ήκ.
854 2761 924 2832 vulg.

180 2897 328 2967 praebeat,
351 2904 471 2968 cogunt,
498 2898 573 2968 quod
598 2897 709 2970 quidem
734 2901 892 2953 mandatum
917 2917 977 2955 cum
998 2904 1057 2973 ipse
1081 2901 1263 2955 libentissime

110 3023 113 3026 ,
179 2969 325 3031 subiisset,
344 2976 372 3020 et
395 2971 447 3020 iarn
466 2969 504 3020 eis
525 2971 660 3037 praeiret3
683 2978 861 3041 posteaquam
880 2972 991 3022 densam
1011 2973 1148 3042 quandam
1167 2974 1263 3022 silvam

179 3039 235 3090 fuit
252 3047 365 3101 nactus,
382 3041 514 3106 paulatim
535 3057 563 3091 se
586 3041 620 3091 ab
641 3039 678 3092 eis
698 3041 803 3109 recepit
822 3049 905 3111 atque
932 3041 1081 3103 subduxit,
1099 3059 1130 3092 ac
1152 3040 1263 3092 tandem

171 3111 312 3178 ¹effugiens
336 3118 479 3178 sequentes
498 3120 580 3180 atque
603 3117 791 3173 antevertens,
812 3111 904 3163 citato.
916 3127 994 3162 cursu
1014 3110 1049 3160 ad
1074 3111 1181 3161 Sabiros
1201 3127 1265 3176 per·

179 3183 272 3246 veuit3
299 3197 367 3250 qnos
391 3196 452 3230 cum
478 3183 618 3233 universos
651 3182 748 3248 supine
775 3179 940 3232 dormientes
958 3187 1157 3250 stertentcsquc
1182 3195 1263 3246 repe-

181 3249 260 3300 risset
276 3251 322 3313 ‚0
341 3251 447 3314 miseri,
466 3249 581 3322 inquit,
609 3253 718 3302 iamiam
746 3251 887 3319 periistis,
908 3252 962 3302 alta
980 3251 1108 3319 claraque
1131 3264 1197 3301 voce
1218 3249 1263 3299 in-

182 3320 305 3371 clamans.
340 3319 481 3391 Aegreque
500 3321 566 3390 ipsis
580 3324 619 3373 ita
640 3321 844 3390 expergefactis,
857 3321 968 3372 nuntiat
990 3320 1127 3371 hostesne
1148 3320 1263 3387 vestigio

182 3387 345 3441 adiuturum.
380 3391 417 3442 Hi
440 3407 503 3443 vero
529 3393 705 3444 tumultuarie
723 3409 784 3442 cum
803 3388 982 3442 surrenissent
1004 3407 1087 3460 seque
1106 3397 1264 3450 armassent,

180 3461 253 3521 nullo
276 3469 469 3524 excesserunt,
494 3469 522 3513 et
543 3462 671 3514 bifariam
695 3461 775 3513 divisi
799 3461 913 3513 insidias
933 3463 1078 3523 locarunt,
1103 3460 1206 3511 aditum
1232 3461 1263 3510 in

179 3529 283 3581 vallum
306 3541 451 3583 castrorum
472 3532 668 3584 incustoditum
688 3533 890 3604 relinquentes,
910 3533 1090 3614 similiterque
1114 3533 1197 3582 etiam
1214 3535 1264 3579 tu·-

180 3601 260 3670 guria
277 3603 426 3668 passim‘en
448 3604 517 3670 palis
535 3613 563 3654 et
583 3603 701 3670 pellibus
717 3603 848 3654 confecta.
884 3601 919 3653 At
935 3603 1097 3654 Dilimnrtsc
1115 3598 1263 3668 quamplu⁴

179 3672 262 3722 rimas
283 3670 406 3740 ambages
426 3671 529 3724 viarum
547 3689 612 3740 prae
631 3675 751 3725 locorum
777 3673 916 3741 imperitia
936 3675 1056 3734 emensi,
1081 3669 1260 3721 nibilominus

178 3749 274 3792 tamen
288 3749 351 3791 ante
367 3741 517 3792 diluculum
547 3760 607 3795 cum
631 3741 665 3794 ad
693 3751 778 3795 castra
801 3743 961 3794 Hunnorum
979 3741 1178 3811 pervenissent,
1197 3756 1264 3791 con-

178 3811 299 3862 fidenter
320 3828 367 3862 suo
384 3813 505 3879 ipsorum
526 3815 599 3865 malo
623 3814 652 3864 in
671 3831 703 3864 en
722 3816 892 3881 irrumpunt,
914 3815 1050 3882 simulque
1070 3824 1163 3861 omnes
1187 3811 1261 3860 intro

178 3899 209 3932 se
226 3881 381 3948 recipiunt,
400 3890 482 3953 atque
496 3883 535 3942 ita
552 3884 635 3934 tacite
653 3884 775 3954 citraque
793 3885 879 3934 ullum
896 3885 1039 3950 strepitum
1057 3882 1206 4000 progressi,
1225 3895 1261 3930 ne

175 3951 308 4002 videlicet
329 3951 372 4001 illi
405 3951 435 4002 id
460 3955 690 4021 persentiscerent
712 3961 795 4021 atque
816 3953 1042 4020 expergefierent,
1080 3958 1149 4001 astas
1168 3951 1198 4001 in
1212 3967 1262 4001 eo·

176 4023 237 4073 r'um
253 4021 370 4072 latibula
395 4031 424 4073 et
434 4021 579 4090 tuguriola
603 4030 755 4091 torquent,
772 4029 911 4090 ,tanquam
931 4021 1101 4073 interfecturi
1123 4020 1261 4072 dormien-

176 4098 237 4159 τοις
263 4100 291 4143 et
310 4092 363 4143 iam
379 4091 516 4161 putabunt
532 4106 589 4150 rem
608 4095 693 4142 totam
716 4091 784 4160 ipsis
802 4107 861 4142 esse
886 4092 1042 4146 confectam.
1080 4089 1170 4143 Sabiri
1187 4091 1262 4139 intc-

177 4177 225 4212 rea
242 4161 380 4232 utrimque
400 4178 433 4212 ex
452 4159 561 4214 insidiis
583 4161 765 4227 prosilientes,
783 4167 897 4229 repente
917 4155 1009 4215 ineos
1030 4163 1153 4225 irruuut3
1171 4155 1261 4235 atilli

178 4229 271 4284 subito
290 4232 341 4285 illo
360 4237 445 4302 atque
468 4233 654 4302 inexspectato
672 4230 778 4302 impetu
801 4234 985 4298 consternati,
1012 4241 1041 4286 et
1061 4247 1109 4303 spe
1131 4228 1214 4300 plens
1230 4239 1262 4278 m
