3109 4950
339 293 424 383 260
737 343 740 350 ·
784 291 992 390 anamim

191 480 221 534 A·
235 472 420 607 ξὶόξξάλλά
439 475 518 564 πρὸς
537 467 720 556 ἇλοζονεέαν
735 474 877 560 άρθέντα
897 476 1023 560 πολλὴν,
1040 468 1222 546 ἀπέπαυσεν
1235 476 1290 542 οὐκ
1304 478 1339 556 ἐς
1350 501 1410 559 μα-

340 602 421 663 κραν
437 600 494 644 τον
511 571 716 663 φρυάγματος
740 565 909 652 ’Θδέναθάς
926 574 945 638 d
962 573 1200 662 Παλμυρηνός,
1220 565 1306 661 άνηρ
1327 571 1411 662 εἶρα-

335 671 391 759 νῆς
405 678 465 756 μὲν
478 672 517 739 τά
532 671 642 759 πρῶτα
659 675 715 739 καὶ
734 665 905 756 άγνωστος,
925 683 995 750 ταῖς
1012 677 1048 740 dd
1063 673 1219 761 Σάποάραυ
1234 683 1410 759 συμφοραῖς

334 773 390 838 καί
403 769 448 850 οἷς
470 771 602 858 ἔδρασεν
612 773 665 860 ,ἐπ’
684 771 773 858 αὐτῷ
783 821 792 852 ,
817 771 966 857 μεγίστην
984 767 1138 859 άράμενσς
1156 772 1258 853 δόξαν,
1274 775 1329 836 καί
1340 781 1412 836 πολ-

334 881 400 950 λοῖς
425 874 488 936 τῶν
503 871 602 936 πάλαι
622 873 826 957 ξυγγραφὲων
842 872 1054 957 α’ξιαφηγητος
1068 871 1277 956 γεγενημένος.
1301 874 1428 954 reden-5

336 971 425 1046 κότος
443 973 478 1036 δὲ
498 972 558 1035 τοῦ
579 971 747 1055 Σαποάρου,
762 964 972 1055 Ὁρμισδάιης
990 967 1008 1034 o‘
1024 967 1136 1060 τούτου
1154 979 1228 1046 παῖς
1248 967 1306 1053 τὴν
1321 973 1412 1050 βασι-

336 1069 423 1145 λείαν
443 1066 702 1155 παραλαμβάνει,
723 1066 778 1132 καὶ
793 1070 899 1150 διεβίω
915 1069 949 1133 ἐν
966 1069 1050 1155 αὐτῇ
1063 1073 1179 1155 χρόνον
1192 1070 1225 1144 ἐς
1246 1059 1274 1149 d',
1293 1093 1325 1133 τι
1341 1065 1412 1140 ἐλά,-

301 1191 326 1242 Ῑ)
334 1190 464 1251 χιστον·
485 1164 625 1232 ἐνιαυτὸν
643 1164 702 1252 γάρ
721 1168 776 1241 ἕνα
793 1165 848 1230 καί
865 1166 940 1230 δέκα
958 1161 1078 1251 ἡμέρας
1095 1169 1151 1252 τῆς
1169 1164 1268 1254 τύχης
1286 1165 1412 1231 drauva-

332 1291 375 1349 το,
386 1267 485 1352 μηδὲν
507 1263 613 1329 teratu
629 1265 749 1350 δράσας
760 1259 866 1330 duntur
885 1267 940 1329 καί
955 1265 987 1340 ές
1002 1261 1094 1348 λόγου
1108 1267 1264 1352 φέρεσθαι
1276 1265 1410 1349 μνήμην,

231 1385 234 1390 ·
333 1363 478 1430 καθάπου
496 1363 552 1428 καὶ
569 1362 587 1428 ὅ
605 1365 674 1446 μετ’
697 1365 814 1428 ἐκεῖνον
842 1357 1068 1450 Οάαραράνης,
1090 1363 1193 1449 τρισὶν
1214 1361 1297 1428 ἔτεσι
1317 1367 1444 1446 βασι-ιο

301 1488 304 1492 ’
332 1464 455 1538 λεάσας.
476 1462 494 1527 ὅ
516 1466 551 1528 tl
573 1458 677 1539 υὶὸςὸ
698 1462 809 1527 τούτου
832 1458 995 1544 ὁμώνυμος
1018 1465 1077 1543 μὲν
1096 1454 1135 1548 ἦν
1152 1466 1196 1551 τῷ
1209 1461 1413 1546 γεγεννηκότι,

333 1559 540 1626 ἑπτακαίδεκα
555 1564 591 1626 δὲ
607 1558 686 1626 κατά
701 1558 757 1644 τὴν
777 1559 941 1643 βασιλείαν
958 1563 1128 1644 μεμένηκεν
1144 1558 1236 1646 {tut
1257 1562 1292 1626 δὲ
1311 1559 1414 1646 τρίτος

336 1660 543 1745 Οὕαραράνης
566 1661 599 1733 ές
624 1660 726 1744 μῆνας
742 1659 803 1738 μὲν
827 1660 981 1744 τέσσαρας
1004 1653 1122 1738 μόνους
1143 1652 1338 1744 ἀπεγεύσατο
1360 1661 1414 1742 τῆς

332 1761 510 1840 βασιλείας,
539 1756 638 1840 Σεγάν
667 1759 702 1822 δὲ
721 1753 783 1821 oud
804 1755 969 1842 ἐπεκλήθη,
990 1757 1048 1820 οὐκ
1067 1751 1202 1839 άπεικός,
1218 1753 1317 1840 οἶμαι,
1338 1759 1414 1822 οὐδὲ

333 1856 536 1938 αὐτομάτως,
564 1855 660 1933 ἔθους
680 1853 766 1932 τινας
788 1859 924 1923 παλαιοῦ
949 1853 1119 1939 μετασχών
1141 1856 1196 1922 καὶ
1216 1848 1370 1942 πατρίου..
1386 1855 1413 1922 αἱ
1419 1864 1448 1927 15

331 1954 392 2042 γάρ
411 1959 475 2020 τῶν
489 1956 626 2041 Περσῶν
640 1961 791 2039 βασιλεῖς,
818 1954 912 2040 ’ἡνίκα
930 1959 1078 2039 μέγιστον
1095 1953 1187 2031 ἔθνος
1201 1957 1263 2020 τῶν
1287 1961 1414 2040 πλησιο-

332 2052 447 2139 χώρων
468 2057 631 2119 saeelum
651 2052 979 2140 προσπολεμὴσαντες,
1007 2057 1063 2119 καί
1078 2058 1133 2140 τῆς
1158 2057 1284 2122 ἐκείνου
1306 2051 1415 2118 ἐπιλά-

334 2156 438 2233 βοιντο
459 2151 567 2237 χώρας
573 2203 582 2234 ,
604 2154 708 2220 οὐκέτι
722 2155 783 2234 μὲν
805 2154 974 2238 α’ναιροῦσι
993 2149 1067 2228 τούς
1086 2150 1297 2246 ἡττημένους,
1330 2154 1362 2228 ἐς
1380 2155 1415 2224 δὲ

334 2247 435 2337 φόρου
464 2251 632 2338 ἀπαγωγὴν
660 2249 801 2328 ἅπαντας
830 2251 1028 2326 ὑποτιθέντος
1035 2303 1045 2332 ,
1076 2253 1202 2337 ἐφιᾶσιν
1228 2254 1356 2316 ἐνοικεῖν
1380 2275 1414 2314 τε

238 2347 389 2423 Ρ,135και“
407 2347 575 2436 άροῦντῆν
599 2348 816 2438 δορυάλυιτον·
843 2346 924 2433 πλην
958 2346 1038 2413 άλλά
1064 2345 1138 2426 rode
1172 2352 1339 2436 προτέρους
1358 2351 1450 2419 ταῦτα

405 2463 503 2522 rullei
521 2467 582 2521 add.
601 2471 676 2521 exli.
697 2468 823 2538 otlntpr.
841 2465 897 2521 sed.
942 2464 995 2519 md
1012 2464 1043 2519 dl
1059 2467 1160 2525 Νάθας
1169 2469 1199 2524 R.
1249 2470 1273 2521 3.
1284 2465 1413 2536 άγνωτος

403 2539 464 2589 edd.
545 2539 683 2608 Σαπόρον
699 2540 770 2607 vulg:
845 2539 869 2592 5.
889 2538 944 2588 τῶν
963 2537 993 2589 R.
1012 2537 1092 2607 (Cl),
1114 2548 1173 2595 τοῖς
1190 2538 1260 2607 vulg.
1309 2542 1333 2591 6.
1350 2538 1412 2607 Ὀρ-

401 2606 540 2678 μισδάτης
553 2612 592 2672 lt,
604 2606 769 2679 Ὀμισδάτης
785 2604 1118 2677 να13.,Μισδα’της1.ιις(1,
1134 2626 1194 2679 mg,
1215 2609 1298 2675 Intpr.
1309 2610 1412 2660 Ormis-

402 2676 461 2729 das.
535 2697 573 2732 10.
595 2677 760 2797 Οιῖραράνης
778 2680 833 2728 Par.
857 2684 884 2727 et
899 2678 983 2746 Intpr.
1003 2676 1047 2728 hic
1065 2687 1093 2758 et
1109 2680 1187 2731 infra.
1220 2697 1291 2761 ἱιι.
1310 2692 1412 2761 γεννη-

402 2748 465 2796 κότι
487 2749 532 2809 ll.,
550 2762 670 2816 γεγενηκ
690 2761 718 2798 τι
735 2747 794 2815 splr.
819 2748 874 2798 Par.
953 2747 991 2815 14.
1010 2750 1109 2816 Σεγαν
1126 2748 1157 2801 δὲ
1176 2761 1232 2799 σαα
1256 2764 1358 2799 correxi
1378 2766 1413 2799 ex

402 2818 521 2883 vestigiis
540 2816 699 2884 depravatae
720 2816 918 2883 scripturae-in
936 2818 965 2869 ll.
984 2814 1180 2887 Σεγανάεσβά,
1198 2836 1248 2888 pro
1266 2819 1337 2887 vulg.
1353 2820 1411 2867 Σε-

401 2881 513 2953 γανσαᾶ
538 2885 587 2947 «lt,
607 2888 763 2959 Seganesnu
791 2889 873 2956 Intpr.
965 2884 1084 2945 αἰπεινὰς
1107 2890 1146 2955 tt,
1165 2887 1323 2945 ἀπεικότως
1339 2890 1409 2958 vulg.

406 2955 444 3008 15.
464 2955 548 3015 ἔθους
565 2959 593 3007 R.
612 2964 640 3008 et
658 2958 741 3027 Intpr.
759 2960 853 3021 rueris,
871 2954 975 3023 ιἔθνους
991 2959 1063 3027 vulg,

333 3104 519 3173 montiumque
538 3106 612 3173 iuga,
632 3111 763 3174 tanquam
778 3104 923 3173 planitiem
939 3104 1067 3175 aliquam,
1087 3104 1228 3156 transiret·
1247 3102 1334 3154 Huius
1353 3102 1411 3152 ita-

334 3190 387 3242 que
406 3173 514 3224 domum
544 3176 652 3236 reversi,
674 3192 763 3243 neque
786 3174 925 3226 moderate
945 3176 1045 3225 utentis
1064 3176 1147 3243 impie
1168 3174 1249 3242 partis
1268 3176 1410 3241 multaque

334 3243 461 3310 superbia
483 3245 562 3306 elati,
580 3262 636 3295 non
655 3247 740 3295 multo
764 3253 827 3315 poet
847 3247 1023 3313 arrogantiam
1037 3244 1162 3296 contudit
1181 3243 1339 3295 odenathus
1359 3241 1411 3292 ille

335 3314 521 3379 Palmyrenus,
545 3317 587 3365 vir
609 3314 737 3366 obscurus
756 3314 867 3384 quidem
892 3316 971 3367 initio
992 3324 1020 3368 et
1036 3317 1159 3383 ignotus,
1188 3312 1343 3365 eeladibus
1366 3318 1412 3362 ta·

225 3397 234 3406 ‘
333 3399 397 3436 men
416 3384 511 3449 Sapori
528 3384 621 3445 illatis,
639 3384 773 3453 rebusque
792 3388 821 3437 in
840 3400 902 3435 eum
924 3388 1004 3455 gestis
1025 3402 1152 3435 summam
1171 3393 1329 3435 consecutus
1348 3382 1412 3451 glo-

242 3469 247 3480 *
335 3454 419 3513 riam,
437 3462 465 3501 et
484 3470 501 3501 a
518 3455 610 3504 multis
628 3456 766 3505 veteribus
784 3456 920 3507 historicis
938 3454 1122 3506 memorabilis
1141 3463 1182 3506 est
1200 3454 1317 3504 habitus.
1337 3453 1413 3502 Mor·

334 3530 382 3573 tuo
401 3539 464 3573 vero
484 3523 593 3593 Sapore,
611 3524 803 3587 Hormisdates,
821 3525 901 3575 huius
920 3526 1001 3586 filius,
1019 3542 1129 3593 regnum
1148 3524 1267 3593 accepit,
1285 3524 1329 3574 eui
1348 3524 1413 3572 exi-

335 3610 386 3660 guo
406 3592 550 3644 admodum
567 3602 689 3663 tempore
708 3597 863 3662 supervixit.
900 3592 1007 3645 Annum
1031 3597 1104 3645 onim
1127 3612 1208 3645 arnum
1231 3602 1258 3645 et
1281 3593 1339 3645 dies
1359 3592 1413 3643 de-

337 3678 394 3711 cem
411 3663 519 3714 fortuna
539 3681 602 3713 usus
621 3672 677 3724 est,
695 3666 772 3715 nulla
791 3682 819 3715 re
839 3673 988 3716 memoratu
1008 3663 1088 3733 digna
1105 3664 1137 3715 ab
1154 3682 1182 3716 se
1201 3672 1292 3735 gesta,
1312 3679 1413 3733 quem-

335 3731 479 3783 admodum
499 3739 526 3785 et
546 3750 607 3784 eum
632 3742 738 3786 secutus
755 3735 921 3797 vararanes,
940 3736 987 3803 qui
1010 3733 1097 3786 tribus
1118 3735 1194 3786 annis
1213 3735 1340 3803 regnavit
1360 3732 1411 3783 Fi-

334 3800 387 3849 lius
409 3812 497 3853 autem
512 3803 610 3865 harisio,
625 3804 698 3875 patri
716 3805 899 3872 cognominis,
918 3804 1100 3871 septendecim
1121 3806 1198 3855 annis
1217 3820 1329 3873 regnum
1353 3800 1411 3852 ob-

335 3869 426 3920 tinuit,
462 3874 572 3924 Tertius
590 3890 652 3925 vero
669 3874 819 3925 Vararaues
838 3892 942 3926 menses
969 3874 1098 3927 duntaxat
1122 3883 1238 3945 quatuor
1260 3872 1412 3941 imperinm

335 3937 503 4006 degustavit,
535 3944 667 4012 Segansaa
689 3952 779 3995 autem
804 3947 1003 4065 cognominatus
1029 3952 1087 4007 est,
1118 3962 1174 3995 non
1193 3943 1240 3995 aba
1262 3961 1308 4007 re,
1326 3950 1411 4012 puto,

333 4022 424 4076 neque
443 4018 559 4075 temere,
577 4014 625 4066 sed
643 4032 659 4065 a
674 4014 759 4065 veteri
777 4030 830 4083 qua

335 4085 448 4129 seusatus.
473 4080 609 4134 Persarum
620 4085 693 4135 enim
708 4100 783 4153 reges
790 4088 905 4137 maxima
927 4085 1017 4152 aliqua
1035 4100 1050 4135 e
1068 4085 1190 4135 finitimis
1212 4092 1290 4152 geute
1309 4082 1413 4133 debel-

335 4146 405 4210 lata,
419 4164 573 4218 ‚eorumque
591 4152 697 4206 ditione
713 4156 814 4223 potiti,
840 4156 926 4205 victos
949 4154 1059 4223 quidem
1080 4170 1251 4225 nequaqnam
1275 4152 1413 4205 interfici-

293 4248 298 4264 *
336 4226 405 4283 ”¹¹¹2
422 4218 470 4283 ⁸04
485 4219 601 4285 tributo,
615 4223 690 4292 quod
703 4223 833 4292 pendant,
845 4223 911 4295 ipsit
928 4225 1068 4293 imperato,
1086 4233 1114 4277 et
1133 4222 1287 4277 inhabitare
1305 4232 1333 4276 et
1345 4239 1414 4275 ara-

850 4032 891 4065 am
914 4014 1053 4083 patriaque
1077 4013 1274 4066 cousuetudine
1291 4012 1320 4065 id
1338 4030 1414 4063 con-
