3109 4950
481 341 763 411 ursrounuvu
776 344 833 407 ιι.
853 348 906 415 aa.
984 342 987 349 ·
1174 314 1252 405 us

160 497 329 580 χάνοντας.
346 494 377 559 εί
388 494 430 559 δέ’
436 518 484 571 τις
500 487 599 573 οὕτως
613 492 768 581 ἐπανήξει,
780 497 1028 587 ἔντρίποντοίην
1042 495 1140 564 osiris
1154 490 1330 577 dnus-m
1344 522 1399 595 55⁴

162 620 231 677 τες,
259 592 315 660 καὶ
344 590 580 679 ἀποφεύγουσιν
605 593 650 677 oio
670 596 893 678 ε’ναγέστατον,
912 595 969 661 καί
996 592 1150 673 circitoria
1171 594 1353 679 χθο-ῑΜ8

163 692 249 769 νίοος
265 689 312 756 ἔτι
335 694 499 773 τελοῦντα,
532 694 588 757 καί
606 692 645 757 οὗ
663 691 817 781 πρότερόν
840 693 870 759 oi
890 697 1015 780 ε’φεῖτοιι
1030 697 1094 761 τῶν
1111 700 1256 781 ξυνηθαῑν

164 798 352 875 μεταλαχεῖν
379 790 593 876 διαιτημάτων
600 842 614 875 ,v
648 791 723 878 πρίν
746 790 810 857 sind
844 796 907 859 τῶν
927 790 1038 877 μάγων
1071 794 1256 881 ἀποκαθαρ-

147 892 238 975 5θείη
261 888 299 954 asi
328 889 455 986 μίαρμα
483 892 579 977 δῆθεν
604 893 662 957 aad
685 892 884 971 δλπιοθίντος
908 892 1070 973 θανάτου,
1112 891 1167 957 καί
1190 888 1257 964 οἷον

167 988 375 1072 ἀνταπολιλβοι
390 986 425 1056 vd
445 980 541 1066 αὖθις
558 992 683 1073 βιῶναι.
704 994 759 1056 καί
770 982 902 1075 εὔδηλον
920 993 980 1072 μὲν
997 984 1047 1055 ὅτι
1062 987 1102 1076 δὴ
1121 994 1185 1055 τῶν
1200 991 1258 1057 οἷν.-

168 1088 335 1175 θρωπείων
356 1092 459 1155 ἐθνῶν
478 1085 521 1167 ιδς
540 1092 675 1171 ἕκαστοι,
696 1087 776 1173 εἴγε
794 1086 949 1177 δτριδηοῦν
961 1086 1044 1177 νόμῳ
1060 1091 1096 1155 ἐκ
1113 1090 1257 1155 πλείοτον

169 1186 337 1271 νενικηκότι
357 1188 609 1271 ε’μβιοτειλοαιεν,
628 1190 738 1255 τοῦτον
759 1186 799 1273 δη
822 1181 950 1274 ἄριστον
969 1187 1118 1271 ἡγοῦνται
1134 1189 1189 1251 καί
1203 1192 1260 1251 θε·

170 1290 315 1368 σπὲσιον,
336 1285 392 1351 καί
410 1284 499 1352 εἵπου
517 1314 550 1351 τι
566 1294 640 1373 παρ’
656 1290 772 1354 ἐκεῖνον
790 1289 969 1374 πράττοιτο,
998 1283 1132 1372 φευκτόν
1150 1308 1184 1351 τε
1201 1285 1285 1359 ori-c

133 1394 234 1461 ἰοτοῖς
254 1381 336 1451 εἶναι
357 1388 446 1449 δοκεῖ
459 1385 514 1451 καί
533 1390 763 1471 καταγέλαστον
784 1389 839 1451 καί
853 1385 958 1452 ὁποῖον
974 1378 1034 1471 ἤδη
1049 1387 1105 1450 καί
1121 1386 1265 1449 οἷπιοτεῐ-
1314 1430 1318 1473 3

173 1487 261 1547 σθαι,
282 1480 463 1569 ἐξείρηνται
481 1487 516 1550 δὲ
533 1478 617 1567 ὅμως
633 1486 734 1551 αἰτίαι
754 1492 820 1561 τοῖς
833 1483 1011 1571 ἆνθροδποις
1030 1483 1087 1548 καί
1099 1482 1182 1567 λιήιοι
1198 1485 1262 1549 τῶν

174 1582 296 1646 οἰκείων
324 1584 397 1667 πέρι
422 1578 525 1664 νόμων
560 1575 673 1649 ἄλλοθι
690 1575 796 1665 ἄλλοι,
816 1582 916 1667 τυχὸν
928 1586 989 1665 μὲν
1004 1584 1142 1668 ἀληθεῖς,
1164 1579 1264 1665 τυχόν

175 1681 210 1745 δὲ
231 1676 286 1743 καί
302 1681 335 1755 ἐς
350 1676 385 1743 τὸ
404 1682 623 1768 πιθανώτερον
639 1683 873 1763 ἐσκευασμένοι.
892 1681 948 1747 καί
965 1683 1059 1748 οὐδὲν
1076 1677 1163 1763 οἶμαι
1176 1686 1261 1745 θαν-

171 1776 306 1861 μαστὸν,
334 1780 365 1843 εἰ
382 1776 437 1843 καί
455 1780 588 1865 Πέρσαι·
609 1778 649 1845 τὰ
674 1778 762 1865 παρὰ
790 1779 903 1866 σφίσιν
920 1780 1024 1857 αὐτοῖς
1047 1778 1109 1865 ἔθη
1130 1780 1264 1846 cirrote-

138 1880 310 1959 ιὸγοῦντες,
330 1874 481 1958 ἀμείνονα
494 1879 662 1963 πειρῶνται
674 1880 740 1944 τῶν
754 1872 933 1961 ἑκασταχοῦ
949 1874 1142 1965 ἀποφαίνειν
1163 1876 1264 1958 ἐκεῖνο

177 1974 285 2040 δὲκαὶ
302 1977 372 2039 λίαν
392 1976 599 2057 θαυμάσαιμι
618 1970 677 2057 δν,
706 1971 755 2041 ὅτι
773 1975 812 2061 δὴ
828 1976 859 2041 οἱ
876 1978 1061 2050 παλαίτατοι
1076 1979 1132 2063 τῆς
1154 1978 1265 2063 χώρας

177 2071 338 2157 οἰκήτορες,
357 2066 419 2138 εἶεν
438 2076 468 2137 δ’
483 2068 524 2139 δν
546 2066 631 2139 οὗτοι
653 2072 825 2159 Ἀσσιλριοί
836 2098 871 2137 τε
885 2077 941 2139 καί
953 2078 1113 2140 Χαλδαῖοι
1126 2078 1181 2140 καί
1186 2078 1265 2159 Μη-

176 2174 244 2253 δοι,
274 2171 344 2237 ἀλλ’
368 2174 495 2249 ἐκείνοις
520 2195 555 2257 γε
576 2167 615 2236 οὗ
634 2168 736 2239 ταῦτα
754 2169 864 2239 ἐδόκει.
899 2170 1027 2258 καὶγὰρ
1055 2173 1144 2258 ἀμφί
1164 2180 1265 2240 Νῖνον

176 2268 233 2354 τὴν
255 2270 346 2335 πόλιν
383 2270 439 2336 καί
466 2269 526 2337 οἷνολ
548 2268 606 2357 τὴν
624 2270 839 2355 Βαβυλωνίαν
860 2273 972 2358 χώραν
1007 2270 1063 2340 καί
1080 2266 1156 2357 πρός
1173 2274 1265 2354 yso

139 2370 216 2455 ποτῇ
232 2371 366 2456 Μηδικῇ
382 2367 495 2453 τύμβοι
508 2392 542 2435 τε
556 2371 611 2437 καί
628 2374 727 2455 θῆκαι
741 2373 805 2436 τῶν
823 2369 922 2435 πάλαι
933 2367 1113 2435 τεθνεώτων
1127 2372 1300 2457 superruo

179 2462 236 2534 οὖν
261 2460 357 2536 ἄλλον
374 2468 443 2537 τινὰ
460 2465 482 2557 ἢ
500 2467 557 2537 τὸν
573 2471 725 2558 ἡμέτερον
739 2468 963 2550 αἰιοσοδζοοσαι
975 2465 1108 2557 τρόπον,
1128 2469 1183 2535 καί
1201 2466 1266 2550 εἴτε
1311 2518 1320 2532 ,

250 2629 275 2680 3.
294 2627 429 2681 τελοῦντα
446 2631 480 2688 R.
498 2628 583 2700 bugd
601 2631 701 2700 Intpn,
721 2629 869 2684 τελοῦντοα
889 2628 950 2682 edd.
1002 2629 1028 2699 4.
1047 2625 1267 2700 ἀποκαθαρθείη

250 2700 299 2762 R.,
319 2697 538 2772 δποκαθαρθείη
556 2701 626 2768 vulg.
696 2698 969 2768 adunassemus
989 2693 1079 2756 ἀὖθις
1105 2701 1134 2750 R.
1239 2697 1268 2756 θ.

179 2829 183 2834 .
251 2769 335 2820 τοῦτο
354 2768 428 2822 rsit.
506 2789 532 2841 9.
547 2771 637 2823 ἐκεῖνο
654 2773 683 2824 R.
756 2767 889 2842 1471on
909 2775 1013 2840 σφίσιν
1030 2771 1129 2826 αὐτοῖς
1142 2769 1183 2833 lt,
1199 2770 1268 2840 παρ’

252 2835 349 2896 αὐτοῖς
364 2840 436 2910 vulg.
509 2843 548 2894 ιθ.
566 2839 662 2894 Νῖνον
682 2841 712 2892 Β.
731 2857 793 2892 cum
808 2840 942 2894 Herodoti
962 2841 1159 2913 Strabonisque
1177 2839 1268 2903 libris,

253 2909 346 2962 Νίνον
369 2911 443 2980 vulg.
542 2926 584 2963 ar.
604 2908 692 2968 ἄλλως
710 2913 739 2962 R.
835 2906 909 2975 rifi,
926 2913 976 2962 καὶ
992 2912 1063 2981 vulg.

173 3045 246 3119 *quis
262 3053 351 3098 autem
362 3047 401 3098 ita
416 3044 524 3109 redeat,
545 3053 702 3098 aversantur
717 3062 778 3101 eum
793 3059 885 3096 omnes
902 3052 931 3096 et
944 3043 1098 3114 defugiunt,
1109 3051 1141 3096 ut
1152 3048 1269 3109 maxims

183 3117 361 3186 piacularem,
384 3124 413 3168 et
436 3117 508 3167 inter
534 3115 723 3167 subterraneos
741 3114 831 3166 adbuc
851 3131 914 3166 eum
935 3123 1061 3180 censent;
1079 3115 1169 3184 neque
1189 3125 1271 3168 antea

183 3187 332 3258 pristinum
344 3187 417 3238 vitae
431 3187 589 3238 institutum
602 3186 690 3236 colere
700 3187 727 3236 ei
739 3187 917 3254 permittitur,
936 3183 1023 3236 donee
1038 3202 1053 3234 a
1071 3187 1156 3252 magis
1172 3185 1268 3252 expia-

184 3265 244 3310 tum
257 3258 343 3310 fucrit
357 3256 496 3326 piaculum
512 3263 683 3326 exspectatae
706 3256 816 3317 mortis,
837 3263 864 3306 et
882 3251 1083 3324 quodammodo
1111 3255 1167 3306 vita
1188 3253 1270 3307 redo-

184 3335 275 3380 netur.
312 3329 347 3380 Et
361 3336 434 3380 certe
449 3327 623 3379 manifestum
644 3333 685 3376 est
710 3327 829 3394 singulas
851 3325 992 3376 hominum
1015 3323 1155 3387 nationes,
1178 3325 1202 3374 si
1224 3325 1270 3375 cui

184 3397 249 3467 legi,
264 3416 334 3469 quae
356 3416 371 3450 a
393 3399 479 3451 multo
505 3405 626 3466 tempore
647 3395 815 3459 obtinuerit,
834 3394 1018 3457 assueverint,
1051 3393 1181 3462 optimam
1209 3410 1269 3444 eam

185 3469 433 3540 nequissimumque
452 3468 588 3534 iudicare3
607 3475 635 3520 et
653 3465 742 3518 sicubi
779 3465 829 3517 uid
847 3472 956 3534 praeter
978 3480 1037 3515 eam
1062 3465 1127 3527 fiat,
1148 3463 1270 3517 reiecta-

174 3553 269 3608 ¹neum
286 3538 316 3591 id
340 3540 405 3611 ipsis
427 3555 458 3590 ac
475 3539 622 3592 ridiculum
645 3535 733 3590 videri
761 3484 875 3606 dignum
897 3551 941 3598 ue,
963 3535 1007 3586 cni
1030 3532 1098 3584 fides
1115 3532 1268 3602 abrogetur.

185 3607 316 3662 Inventas
332 3619 396 3662 sunt
416 3616 508 3661 tamen
532 3608 566 3660 ab
584 3607 742 3658 hominibus
762 3554 979 3674 suarumisgum
998 3605 1117 3655 rationes
1133 3611 1161 3654 et
1173 3619 1268 3657 causae

186 3679 257 3730 aliae
272 3689 354 3750 atque
366 3681 452 3743 aliae,
471 3679 585 3731 fortasse
599 3677 712 3748 quidem
727 3693 822 3740 verae,
842 3677 963 3727 fortassis
985 3683 1077 3726 autem
1096 3680 1125 3724 et
1145 3672 1180 3724 ad
1203 3691 1269 3741 per-

185 3749 357 3802 suadendum
373 3759 552 3818 comparatae.
590 3747 652 3816 Quo
669 3750 715 3808 fit,
733 3754 764 3797 nt
778 3748 878 3798 mirum
891 3745 960 3797 mihi
972 3762 1028 3795 non
1047 3743 1181 3806 videatur,
1199 3745 1223 3794 si
1241 3752 1270 3796 et

186 3819 282 3871 Persae
296 3823 398 3872 rituum
413 3836 524 3870 suorum
541 3819 675 3870 rationem
688 3816 856 3879 reddentes,
876 3833 922 3867 eos
944 3815 1025 3867 etiam
1046 3812 1186 3884 quibusvis
1207 3814 1269 3865 aliis

185 3899 324 3958 praestare
346 3897 481 3942 censeant.
525 3889 598 3939 Illud
623 3905 686 3940 vero
710 3888 870 3958 etquidem
894 3886 1069 3937 vehementer
1082 3884 1178 3948 miror,
1195 3883 1270 3954 quod

186 3961 367 4012 vetustissimi
380 3960 455 4011 illius
468 3949 586 4025 regionis
598 3957 789 4018 habitatores,
806 3957 910 4022 Assyrii
924 3954 1066 4013 videlicet,
1088 3953 1219 4006 Chaldaei
1241 3962 1270 4005 et

185 4027 280 4092 Medi,
299 4046 355 4080 non
380 4027 475 4080 eadem
500 4037 562 4078 cum
584 4029 670 4078 Persis
692 4029 819 4078 sentiant
856 4025 926 4079 Nam
946 4025 1016 4076 circa
1044 4021 1111 4074 Nini
1129 4025 1225 4077 urbem
1244 4031 1272 4074 et

188 4098 258 4150 circa
279 4098 470 4166 babylonicam
492 4113 523 4146 ac
538 4105 678 4164 practerea
699 4095 836 4146 Medicam
855 4096 993 4163 regionem
1010 4095 1109 4147 tumuli
1127 4103 1155 4146 et
1173 4110 1269 4163 capsae

189 4182 293 4232 eorum,
308 4171 357 4240 qui
370 4169 437 4220 olirn
451 4167 553 4220 mortui
576 4167 695 4228 fuerunt,
711 4173 838 4226 exstant,
862 4181 919 4216 non
947 4165 1030 4216 alium
1083 4182 1127 4228 arn
1148 4172 1270 4214 nostrum

189 4245 461 4308 moremiservantem
488 4237 584 4294 etsivc
602 4247 714 4306 corpora
731 4235 803 4299 sint,
819 4232 876 4288 sive
891 4235 970 4298 cinis,
987 4253 1041 4307 quo
1084 4237 1117 4287 iis
1135 4231 1270 4295 conditur,
1304 4245 1308 4249 ’
1365 4285 1372 4296 ,
