3109 4950
480 360 764 430 msromsnuu
796 369 851 430 αι.
873 376 923 445 19.
1091 449 1093 452 ¹
1154 341 1229 431 181

145 516 184 579 ἐκ
205 512 362 580 τοσούτων
384 506 470 579 olan
491 515 616 598 χιλίους
634 516 709 597 τούς
731 519 914 603 ξύμπαντας
939 522 1028 610 παρά
1048 519 1103 589 τδν
1122 529 1269 609 Naxo-A.
1281 533 1313 591 C.
1330 534 1381 593 555

145 611 253 699 ραγάν
273 613 459 699 ἀφικέσθαι.
1240 606 1291 662 1⁴¹·
1302 622 1338 677 ²9

234 707 288 777 ιδ’.
324 712 367 777 ‘0
393 714 437 795 δὲ,
464 712 571 799 ἐπειδή
592 718 691 799 τήσδε
715 716 888 805 διήμαρτεν
909 720 964 805 τής
983 718 1105 807 πείρας,
1124 720 1270 792 αδτίκαλ)

148 804 254 901 ᾤχετο
282 808 337 875 tut
355 809 413 895 τήν
431 816 558 898 Νῆσον,
586 817 643 879 καί
657 811 759 899 ἀγχοῦ
779 842 841 883 που
868 822 933 884 τιόν
947 821 1120 902 Ῥωμαίων
1142 846 1239 906 στρα-

128 908 439 993 5τοπεδευσάμευος,
479 914 687 999 προδκαλεῖτο
719 917 752 991 ἒς
779 912 889 999 λάγους
917 918 1092 1004 ἀφικέσθαι
1118 918 1149 984 οἱ
1184 918 1238 987 τὸν

147 1014 329 1095 Μαρτῖνον.
347 1007 403 1073 καί
417 1012 675 1101 παραγενομένῳ,
695 1013 757 1095 „osi
777 1017 834 1079 δῖ’
865 1014 928 1102 ἔφη
948 1009 999 1098 „ci
1012 1021 1183 1103 στρατηγέ,
1204 1021 1238 1102 ές

149 1110 304 1173 τοσοῦτον
321 1101 568 1191 άγχινοάστατός
589 1134 624 1194 γε
640 1104 685 1175 oin
709 1110 766 1177 καί
786 1112 960 1201 φρενήρης,
980 1119 1037 1181 καί
1060 1119 1123 1181 τῶν
1147 1114 1238 1204 παρά

143 1205 326 1289 Ῥωμαίοις
345 1208 590 1291 δυνατωτάτων,
624 1204 690 1274 εἶτα
713 1210 769 1275 orire
794 1212 956 1297 ἐθελήσεις
975 1208 1160 1280 άποπαῦσαι
1182 1212 1238 1279 πέ-

152 1333 210 1373 νου
222 1332 254 1371 τε
268 1304 324 1370 καί
336 1306 522 1387 δυσμενείας
538 1299 637 1395 άμφω
652 1306 697 1375 τά
713 1314 853 1395 βασιλέα,
874 1306 952 1377 itte
966 1315 1109 1401 μεθήκας
1123 1312 1239 1390 αδτυὺς

106 1401 236 1479 molitor
267 1401 305 1491 δή
324 1405 521 1499 ἐπιπλεῖστον
550 1404 609 1491 τήν
637 1402 780 1493 άλλήλων
805 1412 1113 1494 ἐπιλυμαινομένους.
1141 1414 1172 1477 εἰ
1193 1409 1312 1497 δήνεα

154 1498 214 1569 οὖν
233 1507 291 1569 νῦν
315 1506 390 1586 γοῦν
408 1503 482 1585 ἔστί
501 1508 750 1597 σοι’βυυλομένφ
769 1506 942 1593 διαλλαγάς
965 1510 1163 1597 ποιήσασθαι
1183 1513 1241 1576 καί

153 1600 329 1685 ξυνδήκας,
361 1592 414 1685 ἄγε
440 1596 524 1679 ὅπως
550 1602 648 1681 αὐτὸς
674 1608 734 1687 μὲν
762 1608 795 1683 ἐς
821 1609 1045 1693 Τραπεζοῦντα
1063 1607 1121 1695 τήν
1147 1605 1239 1674 πόλιν

152 1701 210 1785 τήν
231 1697 392 1785 Ποντικήν
423 1697 491 1783 ἅμα
520 1706 563 1790 cpi
586 1708 713 1795 στρατῷ
730 1704 919 1795 μεταβήσῃ,
952 1706 1068 1775 ἐνθάδε
1089 1710 1125 1773 δὲ
1152 1707 1242 1792 ἡμεῖς
1268 1739 1278 1774 α

152 1802 314 1879 μενοῦμεν
332 1796 362 1863 οἱ
381 1801 520 1886 Πέρσαι·
543 1798 626 1867 οὕτω
645 1827 678 1867 τε
702 1803 742 1869 τά
769 1806 825 1889 τής
840 1807 1014 1893 ἐκεχειρίας
1034 1805 1240 1892 σχολαίτερον

111 1895 383 1980 ι5διαλεξόμε3α,
404 1908 527 1975 πιστοῖς
546 1899 967 1990 χράμενοιάγγελιαφόρυις.
984 1907 1014 1969 εἰ
1025 1906 1086 1990 γάρ
1104 1902 1150 1990 μή
1158 1898 1238 1969 έκιδν
1246 1911 1271 1962 P·
1279 1908 1317 1971 ⁹5

153 1990 238 2061 εἶναι
264 1995 395 2077 άπάξεις
420 2001 550 2063 ἐνδένδε
575 1997 611 2063 τδ
638 2001 840 2086 στράτευμα,
870 2000 959 2084 ἴσθι,
988 1994 1016 2067 ὦ
1031 2011 1170 2087 γενναῖε,
1200 2000 1244 2077 αἱς

154 2093 237 2181 πρὸς
258 2093 390 2179 άνάγκης
405 2095 602 2185 ἀπολυθήσῃ.
624 2097 816 2181 βεβαιότατα
833 2097 894 2186 γάρ
912 2098 974 2183 ἐγώ
991 2097 1048 2185 τήν
1063 2104 1150 2185 νίκην
1168 2099 1243 2184 ἔχω,

150 2198 208 2259 καὶ
226 2197 453 2281 περιβέβλημαι
468 2198 505 2261 οὗ
520 2192 772 2283 χαλεπώτερονή
790 2194 862 2263 τόδε
882 2195 918 2262 τὸ
933 2201 1070 2283 κτήμα.”
1097 2201 1153 2263 καί
1174 2194 1243 2280 ἅμα

135 2298 273 2379 λέγων,
294 2292 350 2359 τὸν
370 2295 535 2387 δακτύλιον
556 2298 752 2363 ἐπεδείκνυεν
776 2292 811 2361 δν
838 2299 1018 2385 ἐπεφέρετο.
1037 2294 1115 2385 πρὸς
1143 2299 1243 2365 ταῦτα

107 2396 190 2463 zoeli
209 2391 388 2480 δπολαβών·
407 2388 498 2482 ,μέλλ’
516 2394 640 2482 ἔμοιγε”
663 2394 680 2461 ὅ
696 2400 861 2484 Μαρτῖυος
879 2392 1012 2478 ,εὐκτὸν
1023 2400 1082 2479 μὲν
1099 2393 1240 2486 ήείρήνη

153 2501 245 2562 δοκεῖ
257 2498 313 2560 καί
337 2495 550 2579 τιμιώτατον,
581 2495 638 2561 καί
659 2495 868 2581 συλλήψομαί
888 2519 939 2559 σοι
959 2499 1181 2585 πρυσαγομένφ
1206 2491 1241 2563 τε

152 2590 254 2678 αδτήν
273 2597 330 2658 καί
348 2598 550 2662 καθιστάντι·
571 2588 698 2678 άμεινον
718 2598 770 2677 δὲ,
803 2591 916 2677 οἶμαι,
945 2597 1046 2660 ταῦτα
1068 2596 1242 2682 δράσαιμεν

228 2723 250 2758 ι.
266 2707 335 2778 περὶ
353 2705 382 2756 R.
426 2706 453 2761 3.
473 2701 628 2774 διήμαρτεν
646 2709 805 2774 sicutipse
822 2708 862 2769 n,
878 2705 927 2769 τῆς
942 2708 1019 2779 πείρ.
1036 2702 1062 2756 δ.
1077 2707 1149 2779 vulg.
1220 2722 1246 2779 η.

225 2789 254 2826 τε
274 2771 314 2828 ὢν
332 2778 367 2830 R.
401 2790 440 2827 10.
459 2773 502 2826 ἔτι
520 2775 748 2847 λυμαινομένους
768 2779 798 2832 λλ.
856 2777 894 2842 14.
913 2771 947 2826 τά
959 2793 1014 2835 σαι,
1034 2779 1066 2831 R.
1141 2775 1180 2826 16.
1198 2773 1246 2826 lv-

224 2843 333 2898 βάδελλ.
372 2862 411 2913 ¹7·
425 2845 499 2913 έχων
510 2845 642 2916 περιβλλ
681 2865 719 2916 ιφ
730 2844 911 2900 ἐπεδείκνυεν
918 2849 958 2910 R„
977 2844 1158 2899 ἐπεδείκνυτο
1175 2845 1246 2913 vulg,

153 2957 213 2994 nen
231 2942 356 3010 exiguam
379 2940 461 2994 iniis
481 2948 596 3012 stragem
616 2941 722 3007 edidit,
739 2941 809 2995 adeo
824 2950 856 2993 ut
874 2943 920 2995 vix
939 2944 970 3001 in
991 2943 1149 3004 universum
1169 2939 1247 2993 mille

154 3013 193 3063 ad
210 3010 395 3081 Nachoragam
413 3013 470 3062 sint
487 3014 596 3064 reversi.

226 3100 267 3150 ιφ
305 3083 441 3151 Quicum
467 3091 579 3133 conatus
601 3081 648 3139 hic
674 3083 733 3134 non,
753 3099 787 3138 cx
807 3082 946 3136 sententia
973 3082 1163 3141 successisset,
1181 3097 1247 3130 eon-

153 3149 248 3204 festim
260 3151 294 3203 ad
312 3153 432 3203 Insulam
446 3169 474 3203 se
492 3153 611 3220 recepit3
629 3154 777 3223 castrisque
793 3155 871 3207 iuxta
888 3155 1023 3204 Romanos
1043 3150 1156 3212 locatis,
1172 3148 1248 3200 Mar-

154 3223 246 3272 tinnm
269 3222 303 3273 ad
332 3239 374 3284 se,
400 3223 430 3274 in
449 3224 616 3292 colloquium
641 3230 673 3274 nt
699 3225 822 3285 veniret,
843 3223 964 3286 excivit5
999 3223 1048 3290 qui
1076 3235 1137 3272 cum
1162 3216 1248 3270 adve-

153 3294 259 3356 nisset,
287 3291 348 3357 Tu,
365 3292 472 3362 inquit,
489 3293 643 3361 praefecte,
670 3309 730 3343 cum
757 3295 798 3344 ita
821 3293 857 3342 sis
886 3289 1036 3342 industrius
1055 3307 1087 3342 ac
1108 3287 1270 3358 φταιλυαα,Ι

154 3379 283 3432 unusque
302 3363 338 3414 sis
354 3380 388 3415 ex
405 3364 450 3427 iis,
468 3365 516 3433 qui
529 3366 691 3432 praecipuae
712 3371 776 3416 sum
793 3364 867 3415 inter
884 3363 1017 3413 Romanos
1036 3360 1196 3429 potentiae,
1212 3375 1248 3417 an
1314 3396 1329 3415 ,ς

154 3449 216 3483 non
232 3433 270 3482 vis
289 3441 436 3503 utrumque
453 3441 576 3487 nostrum
597 3451 687 3504 regem
706 3433 800 3488 labore
813 3432 895 3484 simul
912 3440 995 3501 atquo
1013 3430 1167 3485 hostilitate
1183 3447 1248 3503 mu7

155 3509 209 3552 tun
225 3501 363 3554 liberare?
382 3503 531 3556 Patierisne
557 3506 631 3574 ipses
651 3520 733 3573 quam
754 3503 908 3560 diutissime
931 3502 1034 3557 mutuis
1061 3518 1119 3555 sese
1143 3499 1249 3552 damnis

156 3571 297 3624 afficere?
331 3573 407 3643 Quin
426 3577 518 3642 potius
539 3576 562 3627 si
586 3575 640 3628 tibi
661 3572 795 3642 placuerit
811 3580 892 3642 pacta
915 3579 944 3625 et
960 3572 1072 3624 foedera
1092 3571 1179 3632 inire,
1200 3585 1249 3638 ago

156 3642 358 3711 Trapezuntem
382 3645 520 3696 Ponticam
544 3645 640 3696 urbem
665 3661 724 3706 cnm
746 3645 866 3696 exercitu
891 3650 919 3694 tc
946 3643 1081 3705 transicr5
1109 3657 1158 3691 nos
1183 3654 1249 3694 vcro

152 3713 252 3765 Persae
275 3712 320 3764 hic
340 3715 525 3778 manebimus3
545 3715 585 3767 ita
604 3718 660 3777 fiet,
679 3723 711 3765 ut
725 3713 759 3766 cle
775 3712 893 3766 induciis
922 3720 968 3770 ant
992 3727 1058 3781 pace
1083 3708 1249 3778 stabilienda

151 3799 207 3852 per
226 3785 314 3838 otium
331 3801 460 3855 agamus,
485 3785 546 3838 fidis
568 3794 677 3838 utentes
704 3785 901 3849 internuntiis3
932 3783 986 3835 nisi
1010 3798 1073 3832 vero
1105 3779 1199 3830 volens
1218 3796 1249 3850 ορ

152 3853 248 3904 libens
268 3857 418 3906 exercitum
439 3854 504 3906 hinc
525 3855 678 3918 abduxeris,
696 3857 776 3918 scito,
794 3873 810 3905 o
833 3855 924 3915 bone,
947 3850 1021 3920 quod
1041 3867 1090 3918 per
1104 3852 1159 3909 vim
1182 3866 1248 3917 pro-

152 3922 302 3990 fligaberis.
339 3924 524 3978 (lectissimam
549 3927 622 3978 euim
643 3925 733 3976 habeo
755 3927 922 3984 victoriam,
948 3919 1169 3990 eamquenihilo
1191 3919 1249 3970 tif*

154 3993 258 4044 ficilius
281 3993 349 4044 mihi
373 3997 526 4064 comparavi
553 4013 634 4064 quam
653 3995 722 4045 hanc
736 3998 953 4060 possessionem,
967 3991 1102 4060 simulque
1125 3989 1250 4050 hacc-di«

152 4078 240 4127 cens,
260 4065 383 4128 anulum,
402 4083 484 4135 quem
502 4065 633 4133 gestabat,
649 4063 818 4116 ostendebat.
855 4059 896 4113 Ad
913 4061 985 4112 haec
994 4061 1140 4119 subiiciens
1152 4058 1249 4110 Marti-

151 4149 225 4196 nus,
243 4135 278 4185 Et
298 4133 383 4199 mihi,
403 4137 511 4206 inquit,
534 4151 588 4200 pax
604 4137 632 4186 in
654 4134 725 4186 votis
744 4149 906 4202 summoque
925 4131 954 4182 in
972 4134 1062 4201 pretio
1081 4140 1135 4192 cst,
1167 4138 1250 4196 teque

152 4219 219 4261 eam
237 4214 438 4273 proponentem
460 4213 488 4256 et
513 4206 726 4255 constituentem
751 4203 870 4268 iuvatur,
896 4203 995 4258 melius
1017 4220 1080 4254 vero
1106 4200 1172 4248 haec
1197 4211 1250 4253 not

149 4273 328 4356 'perfecturos
348 4277 478 4354 putarim,
494 4275 517 4334 st
532 4283 561 4336 tu
581 4289 662 4356 φιοια
681 4274 811 4334 citissime
829 4274 859 4335 in
874 4272 991 4334 neriam
1010 4281 1037 4334 te
1059 4264 1251 4333 sustuleris,
