3109 4950
1325 286 1329 293 ·
1351 266 1406 297 ,Ἀ

236 345 253 383 s
291 304 350 415 98
647 344 654 356 ·
705 322 942 405 ,deumne

147 498 180 550 t.
191 494 221 551 α
231 482 438 567 sitellam
455 484 630 569 πειρᾶσθαι
667 482 728 546 τοῦ
741 480 953 554 Ποσειδῶνος.
979 474 1057 555 ἴσως
1072 482 1133 561 μὲν
1152 472 1212 544 mir
1230 480 1266 545 εἰ
1278 486 1337 546 ταί
1350 500 1382 549 τι

189 568 389 669 Ι·Ῑ·’8μέροι,’
405 586 462 669 τῆς
485 582 651 665 Λίγόπτυυ
677 582 852 663 κεκίνηται,
873 576 944 643 ἄλλ’
968 574 1025 643 οὖν
1040 578 1239 660 ἐπιλεόμουσι
1251 580 1326 656 τοὺς
1339 580 1379 646 τό

292 686 426 747 τοιαῦτα
446 682 567 757 δεινοός
588 682 646 743 καί
657 682 761 763 ἕτερον
777 676 880 760 λόγοι,
908 680 952 741 δι’
970 670 1017 743 οἷν
1040 672 1080 742 ἂν
1096 677 1152 741 καί
1164 677 1209 753 τός
1228 674 1247 763 ἦ
1263 682 1327 744 τῶν
1344 674 1383 743 ιῖ-

292 785 381 863 τμῶν
395 781 487 866 σφίσι
508 778 690 865 κρατόνοιτο
707 774 792 852 δόξα.
834 774 907 857 ἐμοί
916 779 951 841 δὲ
973 780 1135 858 δοκοῦσιν,
1165 776 1209 853 ὦς
1228 781 1290 858 μὲν
1314 772 1382 843 οἷόν

293 904 327 945 τε
339 876 496 965 ιίνθριόπιγ
514 878 693 973 τεκμηρίοις
706 877 773 940 τισί
781 880 935 961 χρωμένην
953 878 1018 940 τῶν
1036 868 1163 959 ιίδηλαν
1182 878 1255 962 πέρι
1273 870 1399 940 diurn-5

294 984 411 1057 εἴσθαι,
424 976 462 1040 οδ
472 974 603 1056 πόμπαν
614 976 800 1059 διαμαρτεῖν
809 978 866 1037 τοῦ
874 977 1011 1037 πιθανοῦ
1021 972 1076 1037 καί
1085 974 1211 1056 εἰκότος,
1226 980 1285 1039 τοῦ
1295 978 1331 1039 δέ
1346 998 1381 1058 γε

223 1086 252 1143 1³.
259 1069 385 1152 ὀδόντος
396 1071 534 1161 ἀληθοῦς
545 1076 648 1161 unii-epi
657 1072 893 1137 ιίπολεότεοθαι.
914 1076 980 1147 πυός
989 1070 1049 1159 γόρ
1060 1067 1100 1139 ἄν
1111 1098 1158 1149 τις
1167 1079 1200 1151 ἐς
1208 1072 1246 1137 τό
1257 1070 1383 1158 ἇτιριβὲς

293 1174 335 1242 τό
354 1170 466 1263 ἆφανῆ
479 1173 534 1237 καί
547 1172 702 1258 όπέρτερα
714 1171 867 1255 διαγνοίη,
885 1168 1011 1259 α’πόγρη
1027 1176 1062 1238 δὲ
1072 1172 1157 1258 ἡμῖν,
1172 1172 1235 1255 εἴγε
1250 1175 1382 1235 τοσοῦτο

274 1340 278 1349 ,
293 1276 390 1360 μόνον
405 1275 570 1358 εἰδείημεν,
586 1272 630 1348 τός
640 1275 718 1360 θείιγ
733 1274 778 1361 regi
787 1274 842 1334 καί
855 1276 955 1359 βουλῇ
965 1273 1117 1359 κρείττονι
1134 1268 1256 1337 ἅπαντα
1277 1272 1382 1335 διατέ-

293 1398 422 1441 τακται·
438 1372 564 1460 φόσεως
583 1374 619 1435 δὲ
634 1367 741 1455 α’ρχός
754 1372 809 1433 καί
820 1368 955 1453 κινήσεις
970 1370 1027 1435 καί
1035 1369 1093 1448 τός
1105 1368 1234 1437 ἑκάστου
1251 1374 1315 1434 τῶν
1330 1384 1420 1451 ptr-¹⁰

293 1474 433 1555 νομένων
443 1462 547 1545 αἰτίας
563 1478 689 1534 σκοπεῖν
698 1470 813 1555 μὲντῷ
828 1466 909 1557 λόγιρ
926 1471 983 1533 καί
996 1472 1158 1557 διερευνᾷν
1172 1472 1211 1537 οὗ
1224 1472 1382 1544 παντελῶς

296 1563 455 1657 ἷίχρηστον
470 1565 547 1644 ἴσως
553 1568 630 1635 uite
643 1560 743 1653 ἄχαρι
765 1568 937 1648 νομιστέον,
955 1566 990 1632 τό
1002 1594 1037 1651 γε
1051 1566 1254 1653 μὴνοίεσθαί
1272 1592 1305 1632 τε
1329 1569 1384 1631 καί

293 1671 479 1733 πεποιθέναι
494 1667 539 1743 τός
555 1664 675 1733 ἔνεστιν
698 1668 868 1751 ἐφικέσθαι
882 1669 939 1729 τοῦ
955 1658 1048 1747 ὄντος,
1067 1666 1113 1750 μη
1129 1692 1202 1731 ποτε
1218 1668 1383 1745 ἀλαζονεία

291 1765 340 1853 εἰη
356 1765 393 1831 τό
406 1770 524 1854 χρῆμα,
536 1769 591 1831 καί
605 1766 822 1850 α’μαθέστερον
837 1766 891 1849 τῆς
906 1768 1017 1849 διπλῆς
1029 1770 1146 1848 ἐκείνης
1156 1767 1291 1849 α’γνοιλις.
1313 1759 1382 1839 ἅλις

292 1869 353 1951 μέν
365 1859 424 1932 σόν
439 1864 559 1931 τούτων
573 1862 686 1949 ἔμοιγε.
708 1861 726 1927 ό
746 1866 783 1928 δὲ
808 1862 895 1947 λόγος
911 1858 1008 1939 αὖθις
1024 1868 1058 1939 ές
1073 1860 1170 1929 αὐτόν
1183 1867 1329 1942 ἐπανίτω.
1386 1857 1421 1919 ¹5
1498 1902 1504 1914 ·

379 1964 425 2041 ις’.
448 1968 531 2029 Κατ’
549 1966 647 2030 έκεῖνο
657 1961 717 2050 γὰρ
729 1965 786 2029 τοῦ
802 1967 912 2049 καιροῦ
927 1966 983 2028 καί
998 1963 1016 2048 ἡ
1030 1965 1244 2049 Κοόςῆνῆσος,
1266 1964 1285 2049 ἦ
1304 1962 1382 2051 πρός

292 2068 336 2156 τῷ
350 2068 483 2152 τέρματι
501 2066 559 2127 τοῦ
572 2065 711 2147 Αἰγαίου
730 2066 855 2147 κειμένη
864 2114 874 2143 ,
904 2060 1045 2147 [ἐσείσθη
1060 2065 1133 2140 καί]
1160 2060 1325 2145 ἐλάχιστόν
1350 2090 1382 2128 τι

268 2167 391 2251 Βμέρος
408 2165 508 2249 αὐτῆς
530 2166 697 2243 ἐσέσωστο,
720 2162 791 2246 ἡδὲ
811 2154 890 2245 ἄλλη
911 2158 1019 2226 ἅπασα
1039 2161 1228 2243 ἐπεπτώκει,
1256 2164 1382 2227 ποικιλα

291 2286 325 2328 τε
342 2263 421 2351 adep}
436 2261 491 2326 καί
507 2259 686 2347 ἀνήκουστα
702 2264 904 2347 προσεγένετο
918 2256 1017 2345 πάθη.
1058 2255 1080 2345 ἧ
1099 2284 1133 2324 τε
1159 2260 1221 2348 γὰρ
1235 2259 1381 2328 θάλαττα

361 2394 385 2446 η.
403 2373 474 2425 Num
492 2371 599 2428 δντωςί
644 2372 681 2427 15.
696 2371 819 2422 ἐπανίτω
829 2374 858 2424 R.
872 2370 952 2441 (Cl),
970 2370 1108 2423 ἐπανείτω
1135 2372 1203 2442 vulg.
1268 2379 1304 2429 16.
1323 2370 1381 2445 γὰρ

358 2446 412 2498 τοι]
428 2445 478 2498 λιιι.
497 2460 531 2494 ex
549 2442 577 2493 R.
653 2460 691 2511 ιγ.
709 2442 825 2505 ἐσείσθη
845 2444 894 2491 καὶ
909 2441 1006 2494 addidi
1022 2456 1083 2492 cum
1108 2442 1192 2513 Intpr.
1225 2445 1334 2500 insulae
1349 2470 1381 2487 ‹-

359 2526 545 2568 terraemotu
565 2529 715 2566 concussae
732 2530 800 2581 μανι
817 2511 931 2565 minima
951 2525 1064 2564 servata
1083 2526 1131 2566 ιιι.
1239 2516 1276 2567 18.
1293 2519 1381 2586 μέρος

359 2585 445 2647 αὐτῆς
465 2585 511 2646 te,
531 2578 590 2632 adr.
608 2585 672 2653 μέρ.
689 2582 760 2649 vulg.
817 2599 854 2652 19.
876 2581 1038 2634 δνόποιστα
1056 2584 1101 2646 λλ,
1120 2585 1203 2652 Intpr.
1225 2585 1314 2659 fidem
1331 2604 1382 2638 ιιι-

359 2647 518 2708 cedentibus
534 2649 625 2704 ιιιαλίι.
720 2655 911 2721 προσεγένετο
931 2656 971 2716 λλ,
991 2653 1143 2722 ἐπεγένετο
1161 2657 1232 2726 vulg.

289 2757 445 2816 obtineret,
473 2763 502 2806 et
521 2770 616 2823 parum
643 2753 777 2809 firmitatis
798 2753 900 2808 habere
917 2755 1190 2825 deprehenderetur,
1221 2760 1379 2812 metuebant

288 2825 473 2880 verisimiliter
489 2823 621 2893 praeclari
630 2823 673 2876 illi
687 2824 749 2884 viri,
763 2842 798 2876 ne
817 2828 846 2877 in
865 2829 1029 2889 cummium
1040 2829 1106 2896 ipsis
1124 2829 1233 2880 cederet
1244 2831 1381 2899 epigram-

288 2914 346 2960 ma,
367 2902 496 2976 tanquam
508 2895 661 2964 periculum
677 2895 749 2946 foret
765 2895 795 2946 in
808 2903 947 2965 posterum
966 2913 1000 2948 ιο
1016 2906 1123 2950 tantum
1136 2900 1298 2968 γαιήοχον,
1327 2898 1380 2950 hoc

290 2973 339 3029 ert,
357 2973 543 3017 continentem
555 2973 665 3028 terram,
688 2981 782 3016 rerum
806 2967 887 3018 etiam
906 2967 1097 3033 λνοσίχθονα,
1124 2968 1177 3020 hoc
1197 2977 1252 3032 ert,
1280 2987 1382 3020 concu-

288 3037 403 3089 tientem
428 3042 541 3100 terrum,
555 3035 713 3104 Neptunum
735 3037 931 3102 experirentur.
973 3039 1109 3102 Fortassis¹
1137 3039 1245 3110 itaque,
1273 3039 1380 3090 etiamsi

290 3107 381 3176 aliqua
400 3105 515 3176 Aegypti
532 3105 737 3176 permoverit,
755 3123 812 3156 non
826 3105 941 3160 deerunt
953 3116 1044 3159 tamen
1064 3106 1158 3158 harum
1174 3126 1264 3160 rerum
1283 3110 1378 3177 peritis

290 3179 372 3230 etiam
394 3175 464 3227 aliae
485 3178 618 3238 rationes,
650 3191 700 3244 per
718 3192 790 3296 pune
810 3177 893 3229 etiam
911 3179 950 3229 eie
971 3176 1037 3228 haec
1062 3193 1155 3228 eorum
1177 3178 1211 3230 de
1230 3179 1376 3246 vaporibus

289 3247 384 3316 opinio
397 3247 493 3297 valeat.
530 3243 601 3296 Mihi
613 3262 676 3296 vero
689 3245 716 3296 vi
738 3254 819 3298 entur
833 3247 893 3309 illi,
911 3254 1043 3317 quatenus
1059 3247 1191 3316 possibile
1212 3255 1254 3300 eet
1271 3247 1378 3300 homiui

288 3315 386 3371 validis
400 3315 564 3384 argumentis
577 3315 666 3367 utenti
681 3315 715 3367 nd
734 3333 823 3368 rerum
844 3315 1025 3368 abetmearum
1041 3317 1249 3386 intelligentiam
1267 3319 1379 3387 pertiu-

289 3399 361 3458 gere,
374 3385 776 3470 nequaqunmuprobabilitate
794 3393 821 3436 et
842 3386 1023 3437 similitudine
1044 3388 1102 3438 veri
1116 3389 1252 3456 aberrare3
1272 3388 1377 3439 averi-

288 3464 344 3508 tate
362 3462 453 3507 tamen
474 3472 533 3524 ipra
555 3456 637 3525 longe
661 3455 764 3508 abesse.
800 3454 862 3525 Quo
894 3463 974 3523 pacto
999 3458 1072 3508 euim
1098 3460 1234 3529 quispiam
1256 3459 1377 3527 perfecte

288 3527 444 3596 intelligere
481 3527 556 3588 στιλλ,
576 3541 647 3647 ρραε
666 3527 741 3577 cerni
763 3540 819 3575 non
837 3534 959 3594 possunt,
977 3526 1112 3598 uobisque
1131 3539 1194 3582 runt
1218 3524 1376 3597 superiora?

289 3595 414 3649 Sufficiat
430 3613 466 3648 no
488 3597 526 3657 ir,
544 3594 568 3646 ei
605 3612 638 3646 oc
655 3601 761 3647 tautum
779 3595 910 3659 sciamus,
938 3596 990 3646 Dei
1011 3600 1126 3649 coneilio
1146 3606 1173 3650 et
1198 3601 1306 3669 potiore
1325 3611 1374 3648 vo-

289 3665 394 3718 luntate
414 3667 505 3718 omnia
526 3665 682 3721 constituta.
717 3664 836 3716 Naturae
854 3683 918 3717 vero
936 3667 1074 3736 principia
1093 3675 1120 3720 et
1137 3677 1241 3732 motus,
1269 3677 1297 3720 et
1315 3669 1374 3718 ein-

289 3737 421 3806 gulorum‚
442 3752 513 3806 quae
525 3735 605 3798 fiunt,
624 3752 714 3787 cautae
726 3735 903 3806 contemplari
918 3735 1028 3805 quidem
1043 3739 1148 3790 ratione
1163 3748 1191 3791 et
1207 3736 1379 3808 perscrutari,

289 3821 380 3875 neque
397 3806 497 3858 inutile
515 3821 606 3876 neque
623 3805 759 3875 inelegans
779 3812 820 3856 ert
837 3806 1011 3862 censendum.
1049 3807 1166 3860 Credere
1184 3826 1247 3861 vero
1269 3807 1380 3876 sibique

288 3874 463 3944 persuadere,
482 3877 541 3927 fieri
559 3891 638 3942 poree
657 3882 687 3927 ut
706 3875 741 3927 ad
763 3873 850 3944 ipsam
869 3877 909 3928 rei
926 3875 1066 3928 veritatem
1077 3881 1269 3950 pertingamus,
1286 3893 1381 3930 vereor

291 3959 327 3995 ne
356 3960 415 3995 erro
435 3947 508 3998 antia
525 3945 617 4015 potius
635 3962 677 3997 ree
695 3943 763 3997 haec
781 3949 818 3998 eit
837 3944 998 4010 iudicanda,
1017 3937 1052 3999 εἰ
1063 3949 1187 4001 inscitius
1205 3947 1282 4020 quid,
1301 3962 1382 4018 quam

292 4011 394 4084 duplex
415 4015 423 4063 i
446 4032 462 4065 a
489 4015 603 4069 inscitie.
634 4014 685 4067 Sed
706 4013 740 4066 de
760 4013 876 4067 hislam
895 4019 967 4084 eatis3
986 4018 1020 4070 ad
1042 4035 1099 4069 rem
1119 4023 1212 4090 itaque
1231 4018 1380 4074 redeamus.

329 4086 368 4138 16.
387 4082 436 4134 Per
449 4082 522 4136 idem
536 4092 641 4155 tempus
651 4087 732 4138 etiam
740 4084 791 4136 Cor
802 4087 890 4138 insula
904 4105 1030 4140 concussa
1045 4097 1122 4141 estet
1141 4093 1236 4160 exigua
1246 4088 1381 4162 quaedam

292 4153 351 4207 eiur
366 4153 456 4224 portio
469 4163 581 4215 servata,
602 4155 707 4226 relique
723 4156 811 4207 omnir
831 4161 949 4222 corruit3
969 4161 1096 4228 variaque
1109 4160 1135 4209 ei
1145 4167 1173 4212 et
1186 4161 1311 4215 inaudita
1323 4175 1380 4208 ma-

291 4223 319 4277 la
329 4223 492 4279 aeciderunt
517 4224 592 4281 Mare
606 4225 679 4281 euim
692 4225 832 4296 ingentem
846 4229 876 4282 in
890 4228 1004 4312 modum
1015 4246 1160 4300 assurgent
1183 4229 1277 4288 domos
1302 4234 1380 4288 litto-
