3109 4950
295 306 374 413 144
633 427 636 433 Ι
718 330 930 402 assumar

149 501 180 559 Δ.
196 501 282 573 (tiit
352 488 400 555 ὀί.
422 480 513 557 Oi'ros
530 486 822 556 trinitatatem
837 478 1103 573 ἥμινοιὸποντες,
1123 487 1296 572 διελέγοντο
1306 477 1367 552 aii·-

184 574 384 674 U2⁸isjtosg
401 582 483 665 ὅπως
497 586 537 653 τὰ
551 583 692 673 παρόντα
703 590 823 651 θετέον·
840 584 897 649 καί
904 586 1010 652 τοίνυν
1026 585 1044 652 ὃ
1061 585 1245 660 Ῥούστικος
1265 575 1365 669 „oiys”

236 721 239 730 ·
278 684 348 774 Ιἔφη
361 679 415 769 ’,ὦ
433 691 465 751 Γ
463 687 590 770 οοβάζη,
619 680 703 760 ὅπως
718 681 794 768 ἡμῖν
823 681 973 771 σονοὶροιο
1003 682 1060 749 καί
1084 681 1281 771 σονεπιλὴψη
1304 684 1364 770 τοῦ

284 786 386 853 πίνον
405 782 485 851 κατὰ
499 784 636 869 Περσῶν
647 785 741 864 ἰοῦσι,
765 780 886 849 τούτων
899 780 937 867 δὴ
949 784 1012 849 τῶν
1026 785 1059 859 ἒς
1074 778 1260 868 Ὀνόγοοριν
1273 780 1366 869 ἱδρο-

282 888 393 967 psius.
415 880 547 969 αἰσχρὸν
565 878 624 968 γιὶρ
637 883 668 945 εἰ
678 883 886 946 καθεδοῦνται
896 883 997 957 discis
1015 884 1210 947 ἑπιπλεῑστον
1229 880 1263 944 ta
1277 877 1383 967 μέσηῦ

206 986 322 1071 Misy]
345 983 481 1069 ἡμετέρη
507 978 614 1069 χώρη,
652 981 827 1045 καὶταῦτα
852 974 998 1062 ὀλίγιστοι
1027 972 1114 1057 ὄντες
1134 979 1191 1045 καί
1215 978 1364 1061 οὐδαμῶς

281 1077 482 1163 ἆξεόμαχοι”.
524 1079 614 1162 ,ἀλλ’
626 1078 709 1160 ὑμᾶς
726 1103 760 1162 γε
776 1077 913 1160 μόνους”
935 1071 1008 1164 sicii
1028 1074 1045 1141 si
1062 1081 1092 1143 Γ
1090 1075 1225 1163 οοβίιζης
1245 1072 1363 1160 ,,ἆνα’γ-

283 1206 340 1265 κη,
369 1172 562 1262 οἷγενναῖοι,
589 1180 623 1243 ἐν
644 1178 724 1265 τῷδε
748 1178 996 1261 διαγωνισασθαι
1006 1228 1016 1259 ,
1037 1174 1081 1255 ὥς
1099 1176 1155 1242 καί
1168 1178 1284 1259 μόνους
1297 1178 1362 1241 τῶν

281 1278 526 1361 ξονινεχθέντιον
549 1276 762 1353 αἰτιωτάτους.
792 1278 823 1340 εἰ
839 1276 899 1362 γὰρ
918 1274 962 1360 μη
986 1274 1136 1366 ῥᾳστώνη
1157 1278 1255 1363 πολλῇ
1274 1270 1364 1360 ἀμφὶ
1422 1360 1426 1365 ‚

280 1374 321 1442 ssi
340 1376 480 1463 πρακτέα
504 1374 628 1458 οἴχεσθε
653 1372 707 1439 καί
729 1373 895 1465 steyaert,
923 1367 989 1441 οὔτ’
1005 1370 1046 1441 (ἲν
1062 1373 1098 1439 τὸ
1117 1371 1270 1461 φρούριον
1285 1373 1403 1459 ἥμῖνιο

279 1477 372 1541 torisa
392 1472 614 1556 ἐπετειχιζετο,
651 1464 721 1538 οὔτε
743 1469 845 1549 οὕτως
870 1474 969 1537 ἀκλεᾶ
988 1464 1097 1560 poyeio
1118 1471 1174 1537 καί
1196 1470 1361 1556 ἀσχήμονα

279 1572 469 1650 ὑποσταντες
488 1570 728 1659 dipsonendas,
750 1565 821 1637 oisc
841 1564 917 1637 sitio
936 1598 968 1637 τι
979 1573 1113 1656 ἐγιγνετο
1130 1574 1195 1638 τῶν
1209 1570 1249 1634 osi
1265 1592 1363 1655 προσ-
1435 1626 1439 1629 .

283 1672 432 1759 ηκόντιον.
461 1674 519 1737 οὗν
538 1669 576 1756 δὴ
600 1664 674 1752 οὖν,
707 1665 735 1737 oi
748 1674 877 1759 λῷστοι,
907 1668 992 1755 εἴγε
1013 1669 1104 1757 δόξης
1127 1667 1262 1757 ἐρασταί
1281 1663 1368 1733 εἷναί

281 1797 361 1859 φατε
378 1776 432 1837 κατ’
446 1774 638 1859 στρατηγικῷ
661 1770 839 1858 φρονήματι
853 1768 1023 1855 pernocte,
1043 1768 1077 1835 τὸ
1091 1770 1273 1857 παρειμένον
1284 1764 1362 1849 ὑμῖν

285 1866 481 1955 ἅνακλητέον.
510 1866 553 1945 ὦς
575 1868 670 1954 ἔγωγε
695 1863 732 1935 oi
752 1894 828 1934 ποτε
846 1873 965 1952 ἕψομαι
972 1920 982 1951 ,
1003 1863 1078 1933 οὐδὲ
1091 1864 1403 1947 &assentatorem

280 1992 373 2051 σαιμι
381 2020 391 2050 ,
420 1970 495 2055 πρίν
512 1963 551 2033 ἂν
570 1965 692 2033 ἅπαντα
708 1968 956 2055 ἕκθιραπεοθειη
969 1964 1045 2055 πρὸς
1061 1967 1152 2048 ὑμῶν
1163 1966 1204 2031 τὰ
1221 1962 1363 2050 ἡμαρτη-

261 2070 400 2150 Βμὲνα”.
449 2064 568 2132 τούτων
583 2068 618 2131 δὲ
631 2068 801 2153 εἰρημένων
808 2116 817 2147 ,
838 2062 968 2147 adtrita,
997 2060 1100 2150 οἵσπερ
1121 2067 1176 2150 τῆς
1189 2058 1365 2145 ἀντιλογίας
1417 2098 1427 2120 κ

282 2161 471 2252 οἷποχροίσης
487 2164 567 2251 πρὸς
581 2165 706 2249 ἔλεγχον
731 2168 788 2231 τοῦ
807 2167 968 2250 μηδισμοῦ
990 2163 1045 2229 καί
1062 2162 1245 2249 τυραννίδος
1265 2154 1381 2243 prpe?

281 2266 465 2350 λετημὲνης,
495 2260 511 2327 o‘
531 2264 677 2351 Ἰωάννης
700 2266 835 2345 ἐκεῖνος,
868 2262 887 2326 si
912 2265 974 2329 τῶν
996 2265 1106 2329 δεινῶν
1130 2256 1364 2347 ἀγγελιαφόρος,

202 2369 235 2424 V·
245 2376 278 2434 55
285 2362 483 2446 σπασάμενος
501 2357 604 2449 ’ἤρε’μα
623 2361 658 2430 τὸ
679 2363 884 2450 ἐγχειριῢιον,
909 2361 997 2427 παίει
1016 2360 1072 2427 τὸν
1090 2365 1120 2427 Γ
1119 2358 1254 2445 οοβάζην
1275 2353 1405 2444 ἇμφίαο

282 2460 316 2530 τὸ
334 2465 478 2550 στέρνον,
507 2454 596 2529 orizam
618 2462 753 2556 καιρίαν.
781 2461 798 2528 ὃ
822 2464 868 2544 δὲ,
895 2462 1078 2548 (ἐτύγχανεν
1091 2459 1151 2547 γὰρ
1171 2453 1361 2542 ἕναλλίγδην

284 2560 367 2648 ἔχων
386 2559 430 2626 toi
447 2556 524 2624 πόδε
537 2559 619 2647 ὑπὲρ
635 2557 690 2626 τὸν
706 2563 828 2644 αὐχένα
842 2562 897 2626 τοῦ
909 2563 1032 2649 innuo)
1052 2559 1171 2648 ἀθρόον
1187 2560 1361 2640 κατέπεσεν,

353 2705 377 2758 5.
393 2705 466 2774 μίση
493 2719 542 2753 om.
563 2703 592 2752 li.
648 2719 686 2755 ro.
704 2702 850 2772 trapazeta
865 2703 922 2755 Par.
950 2693 955 2702 ’
985 2704 1024 2758 ι5.
1043 2697 1362 2772 ξονδιακινδονιίσαιμε

353 2776 391 2838 ta,
410 2771 677 2842 διακινδυνεύσαιμι
694 2773 763 2842 vulg.

351 2901 375 2970 4.
411 2903 452 2954 ita
472 2916 536 2952 vero
564 2898 640 2970 equis
660 2899 812 2952 insidentes
838 2917 948 2965 omnes,
974 2900 1144 2954 disserebant
1160 2901 1233 2955 inter
1249 2916 1307 2953 sese
1325 2897 1362 2953 dc

281 2971 419 3042 praesenti
442 2989 531 3024 rerum
550 2978 619 3022 statu
640 2970 834 3040 componendo.
872 2973 942 3024 Turn
965 2974 1105 3035 Rusticus,
1123 2971 1193 3042 Age,
1218 2973 1324 3041 inquit,
1342 2989 1360 3024 o

282 3043 408 3106 Gubaac,
432 3043 565 3110 coniunge
587 3050 615 3093 te
634 3051 742 3094 nostrae
762 3043 792 3094 in
819 3043 911 3094 Persas
930 3043 1116 3112 expeditioni,
1141 3051 1169 3094 ct
1193 3059 1363 3095 communem

280 3115 422 3166 nobiscum
438 3113 560 3164 laborum
574 3119 677 3181 partem
694 3111 764 3176 suhi,
783 3113 814 3163 in
829 3113 892 3164 iilos
911 3112 1060 3183 Ouogurim
1074 3111 1233 3166 insidentes.
1269 3114 1364 3183 Turpe

282 3187 355 3237 enim
372 3184 454 3236 fuerit
464 3185 487 3235 si
502 3181 606 3234 diutius
616 3199 663 3234 eos
677 3184 706 3234 in
720 3181 811 3234 media
822 3191 916 3235 nostra
927 3185 1038 3252 regione
1051 3199 1144 3234 secure
1154 3183 1273 3236 residere
1287 3185 1362 3253 pati-

281 3273 371 3318 amur,
389 3254 535 3324 praecipue
547 3269 606 3304 cum
628 3260 656 3304 et
669 3253 826 3322 paucissimi
846 3254 921 3316 sint,
948 3271 1038 3324 neque
1054 3270 1133 3323 pares
1154 3256 1203 3322 qui
1217 3254 1362 3305 nobiscum

279 3326 387 3396 proelio
407 3323 563 3378 decernant.
599 3323 669 3375 Tum
683 3323 825 3388 Gobares,
844 3324 879 3375 At
900 3341 967 3387 vos,
985 3325 1094 3394 inquit,
1111 3324 1178 3375 boni
1197 3325 1264 3386 viri,
1287 3324 1362 3376 solos

281 3410 392 3447 necesse
408 3395 488 3444 estin
502 3392 554 3444 hoc
568 3393 722 3457 elaborare,
740 3411 825 3463 penes
843 3410 911 3463 quos
926 3394 1000 3446 solos
1015 3410 1108 3446 eorum
1122 3410 1191 3463 quae
1204 3394 1361 3459 acciderunt

281 3467 370 3518 omnis
383 3463 462 3532 culpa
474 3461 606 3514 consistit
645 3461 704 3515 Nisi
717 3465 791 3516 euim
805 3464 905 3531 supina
919 3463 1036 3535 quadam
1057 3464 1164 3533 ignavia
1178 3465 1360 3535 socordiaque

281 3537 312 3589 iu
335 3535 415 3587 rebus
435 3533 559 3603 gerendis
581 3533 736 3603 praepediti
758 3535 896 3597 fuissetis,
926 3551 1017 3604 neque
1037 3535 1268 3603 propugnaculum
1287 3533 1361 3588 iliud

282 3623 359 3658 muro
382 3607 500 3656 cinctum
517 3611 602 3664 esset,
619 3620 709 3672 neque
731 3603 800 3656 adeo
823 3603 972 3672 ignobilem
994 3613 1157 3673 turpemque
1175 3605 1265 3674 fugam
1289 3605 1360 3657 arri-

233 3692 235 3700 ·
282 3677 417 3743 puisseda,
435 3689 524 3744 neque
540 3672 685 3741 quicquam
700 3690 802 3737 eorum,
817 3690 888 3756 quae
899 3673 976 3725 haud
986 3691 1034 3743 par
1055 3681 1121 3738 erat,
1137 3675 1238 3726 iactum
1252 3676 1358 3728 suisset.

283 3743 360 3796 Nunc
374 3762 454 3808 vero,
471 3745 523 3797 viri
538 3743 649 3809 optimi,
666 3741 689 3794 si
699 3759 746 3794 vos
764 3744 867 3812 glossae
882 3743 994 3812 cupidos
1009 3761 1068 3796 esse
1095 3743 1185 3796 dicitis
1200 3754 1229 3797 et
1251 3747 1274 3797 si
1297 3747 1361 3796 ani·

283 3829 340 3865 mos
358 3817 387 3867 in
402 3823 512 3885 pectore
526 3813 670 3880 praefectis
691 3813 857 3866 militaribus
880 3813 976 3882 dignos
996 3815 1105 3883 geritis,
1123 3816 1291 3868 intermissio
1308 3816 1361 3868 ista

284 3879 364 3935 officii
377 3885 453 3936 vobis
468 3893 508 3936 est
525 3881 700 3936 resarcienda.
737 3881 833 3952 Neque
847 3885 920 3934 enim
935 3901 1054 3953 unquam
1070 3902 1118 3939 vos
1137 3901 1251 3954 sequar,
1270 3902 1361 3956 neque

283 3951 387 4004 bellum
399 3953 490 4017 adibo,
505 3953 592 4005 donoc
601 3953 702 4015 omnia,
718 3969 819 4022 quaes
828 3953 905 4005 vobis
919 3960 1109 4020 pcccatasuut‚
1118 3963 1237 4008 correcta
1248 3956 1361 4008 fuerint.

284 4022 332 4074 His
357 4022 435 4074 dictis
456 4024 607 4088 confestim,
630 4023 743 4091 perinde
763 4040 795 4075 sc
818 4024 843 4074 si
857 4024 1035 4078 contradictio
1056 4025 1143 4094 ipsius
1163 4026 1273 4079 evidens
1295 4027 1361 4092 satis

284 4099 355 4144 esset
377 4101 564 4176 argumentum
582 4093 744 4147 defectionis
775 4094 812 4146 ad
834 4095 925 4146 Persas
952 4102 980 4146 ct
999 4093 1152 4161 tyrannidis
1174 4098 1312 4148 affecutae
1329 4111 1363 4151 ae

281 4163 506 4232 praemeditatae,
525 4163 639 4216 ioannes
659 4165 717 4228 ille,
739 4165 788 4234 qui
808 4165 940 4220 mulorum
954 4167 1084 4229 nuncium
1103 4165 1247 4228 attulerat,
1265 4167 1360 4221 stricto

284 4235 351 4288 ciam
364 4233 483 4307 pugione
499 4231 602 4286 Gubaai
616 4241 712 4304 pectus
727 4233 809 4300 ierit,
826 4235 950 4291 nondum
964 4243 1056 4291 tanen
1066 4234 1194 4292 letaliter.
1230 4236 1362 4300 litoroso
