3109 4950
364 270 450 357 306
797 290 1006 360 solenne

226 469 260 527 Α,
272 470 302 523 c.
312 455 486 538 εςερεοθαι
503 446 649 530 δύναμιν,
675 443 766 528 μόλις
783 446 817 512 ἐν
836 450 879 534 τῷ
900 448 969 512 τότε
991 447 1035 524 είς
1051 445 1240 532 πεντήκοντα
1256 451 1312 512 καί
1335 441 1457 511 ἑκατόν

259 544 585 637 ιω’περιειστήκια
612 542 668 609 καί
687 541 804 610 τούτων
829 543 861 609 αἱ
880 549 940 627 μὲν
960 549 995 611 ἐν
1004 541 1122 634 Ἰταλίᾳ
1148 543 1313 628 ἐτετάχατο
1320 596 1332 626 ,
1362 542 1401 608 αἱ
1420 547 1456 607 δὲ

269 665 303 720 v,
313 643 452 721 ιιοκατά
466 645 523 732 τήν
536 641 681 728 Adoro,
702 645 807 728 ἓτεραι
821 645 857 706 δὲ
872 646 907 708 ἒν
921 641 1083 731 Ἱσπανίρι,
1103 647 1158 708 καί
1176 635 1270 706 άλλαι
1288 639 1364 726 περί
1375 640 1456 714 τούς

364 744 525 828 Κόλχους,
555 740 611 806 καί
637 734 733 806 άλλαι
752 740 832 805 κατά
857 741 912 826 τήν
943 737 1149 828 Ἀλεξάνδρου
1177 743 1233 806 καί
1261 737 1374 828 Θήβην
1397 737 1454 822 τήν

364 842 556 928 Αἰγύπτιον.
577 840 728 924 ἐκάθηντο
747 843 783 904 δὲ
807 835 904 923 ὀλίγοι
922 841 978 906 καί
994 837 1073 926 πρός
1090 836 1127 905 τά
1147 833 1211 928 ἑῷα
1230 839 1469 922 τιόνίΠερσῶνὸ

343 938 450 1029 όρια·
469 935 507 1006 ού
533 938 594 1024 γάρ
619 938 722 1022 δήπου
747 935 814 1002 ἔδει
840 941 939 1004 ἐκεῖσε
969 935 1121 1003 πλειόνων
1149 935 1204 1003 διὰ
1231 934 1289 1012 τάς
1311 936 1454 1009 σπονδάς

367 1040 423 1106 καί
441 1037 478 1104 τό
499 1044 625 1122 βέβαιον
648 1040 704 1122 τῆς
722 1039 910 1122 ἐκεχειρίας.
932 1027 995 1102 ridi
1017 1061 1085 1112 πως
1107 1028 1172 1122 ἄρα
1194 1037 1227 1113 ἐς
1244 1033 1453 1121 βραχύτατον

364 1141 462 1222 μέρος
482 1137 686 1223 περιέσταλτο
701 1132 741 1200 τά
757 1134 864 1220 πλήθη
880 1138 935 1200 καί
948 1134 1139 1220 ύιιετότμητο
1163 1134 1201 1221 τῇ
1217 1135 1278 1198 τεόν
1298 1131 1453 1218 κρατούν.

364 1262 430 1302 τοον
449 1234 610 1326 όλιγοιρίρι.

339 1353 364 1404 1)
453 1333 505 1398 ιδ’.
542 1334 580 1399 ‘O
593 1330 652 1418 γάρ
665 1331 817 1414 βασιλεύς
838 1330 946 1418 ἐπειδή
962 1329 1116 1418 πρότερον
1123 1325 1259 1398 Ἰταλίαν
1279 1329 1483 1412 ξύμπασανιο

366 1430 557 1519 ἐχειρώσατο
584 1431 640 1496 καί
653 1430 802 1515 Λιβύην,
830 1430 885 1494 καί
907 1429 982 1506 τούς
1002 1433 1168 1514 μεγιστους
1197 1430 1333 1506 ἐκείνους
1358 1432 1454 1492 πολέ-

365 1551 449 1616 μους
468 1530 612 1616 διήνυσε,
632 1533 688 1594 καί
704 1533 825 1615 πρῶτος
843 1529 888 1606 ιδς
913 1533 1011 1596 εἰπεῖν
1034 1532 1067 1594 ἐν
1088 1538 1153 1604 τοῖς
1166 1526 1252 1594 ,κατά
1267 1524 1304 1592 τό
1323 1527 1452 1604 Βυζάν-

367 1657 434 1699 τιον
449 1629 688 1714 βεβασιλευκόσι
702 1629 875 1710 Ῥωμαίων
893 1625 1093 1715 αὐτοκράτωρ
1111 1623 1245 1710 ὀνόματί
1254 1649 1287 1690 τε
1303 1624 1363 1690 καί
1371 1625 1453 1709 πρύ-

367 1756 462 1816 γματι
476 1729 683 1794 ἀπεδέδεικτο·
704 1727 812 1813 ἐπειδή
831 1721 889 1794 οὖν
906 1727 993 1815 αύτῷ
1010 1724 1113 1792 ταύτύ
1131 1749 1165 1791 τε
1185 1724 1241 1791 καί
1257 1717 1339 1789 ἄλλα
1359 1717 1452 1806 όμοισ
1508 1781 1509 1790 ,

368 1829 490 1904 τούτοις
508 1826 648 1905 νεύζοντι
663 1824 713 1890 ἔτι
727 1830 783 1891 καί
805 1821 972 1914 ἐρρωμένην
990 1825 1187 1912 ἐξείργαστο,
1216 1822 1283 1889 τότε
1305 1819 1349 1908 δή
1367 1822 1483 1908 cippi&

368 1925 428 2010 τήν
449 1927 586 2010 ἐσχάτην
596 1929 651 1990 τοῦ
665 1927 736 2007 βίου
753 1927 893 2011 πορείαν,
916 1917 991 2011 (ήδη
1004 1921 1340 2010 γὰρκαδόηιεγηράκει,)
1365 1921 1455 1984 ἄπει-

369 2026 499 2111 ρηκέναι
513 2034 578 2098 τοῖς
592 2025 698 2099 πόνοις
719 2023 841 2106 ἐδόκει,
861 2027 917 2088 καί
932 2020 1054 2106 μᾶλλόν
1078 2047 1111 2086 τι
1128 2020 1227 2086 αύτόν
1245 2015 1361 2106 ήρεσκε
1382 2025 1455 2102 ξυγ-

369 2124 494 2209 κρούειν
510 2125 649 2208 ἐνοφίσι
667 2119 740 2197 τούς
758 2121 935 2204 πολεμίους,
957 2119 1112 2206 διόροιςτε
1128 2116 1264 2200 αύτούς,
1287 2116 1361 2203 εἴπη
1382 2117 1455 2202 δεή-
1508 2181 1509 2190 ,

369 2244 431 2302 σοι,
458 2219 715 2303 καταθωπεύειν,
735 2223 791 2286 καί
812 2217 913 2309 ταύτῃ
943 2220 1136 2304 α’μιοσγόπιος
1154 2217 1393 2304 ἀποκρούεσθαι
1404 2211 1456 2299 ,ή
1508 2231 1509 2272 1

368 2322 423 2405 ἐφ’
447 2314 552 2406 ἑαυτῷ
569 2322 755 2384 πεποιθέναι
778 2322 834 2384 καί
854 2321 951 2406 μέχρι
968 2317 1084 2393 παντός
1113 2313 1371 2383 διακινδυνεύειν.
1391 2279 1509 2382 rot-roi

275 2430 304 2488 Ρ.
311 2427 362 2485 158
369 2416 476 2503 γάρτοι
495 2417 551 2483 καί
563 2417 720 2506 περιεώρα
736 2415 794 2494 τοὶς
807 2416 910 2498 τάξεις
929 2419 1212 2504 διαφθειρομένας,
1233 2414 1277 2492 uic
1295 2413 1334 2501 δή
1352 2421 1456 2481 τολοι-

370 2514 431 2583 πόν
450 2513 563 2602 ἥκιστά
581 2542 616 2600 γε
635 2514 740 2583 adroic
758 2515 1038 2605 προσδεησόμενος.
1058 2521 1114 2581 καί
1130 2520 1235 2582 τοίνυν
1250 2512 1370 2599 ταύτης
1387 2516 1457 2578 ἐπι-

441 2625 466 2679 δ
484 2624 615 2693 Ἶσπανίρ
632 2626 677 2688 lt,
693 2627 810 2693 Σπανίᾳ
826 2625 898 2695 vulg.
967 2644 993 2695 9.
1013 2624 1146 2695 δλιγορίη
1162 2628 1217 2679 Par.
1291 2625 1330 2693 ιή.
1349 2623 1456 2675 ἀπεδέ-

442 2692 535 2747 δεικτο
551 2696 591 2758 lt,
609 2692 726 2753 α’ποδέδ.
738 2697 808 2765 vulg.
883 2694 1077 2755 ι5...εάζοντι
1096 2699 1124 2747 ll.
1212 2700 1251 2751 16.
1271 2700 1320 2747 καὶ
1338 2695 1403 2748 εδδ.
1424 2711 1457 2746 ea

443 2765 473 2813 ll.
546 2766 585 2819 rb
603 2768 668 2828 εἴπη
686 2768 730 2827 lt,
746 2768 776 2816 el
791 2780 849 2816 που
860 2764 930 2836 vulg.
984 2784 1025 2819 aa.
1043 2780 1076 2838 γε
1096 2770 1147 2820 ins.
1167 2784 1200 2820 ex
1218 2768 1247 2819 ll.

375 2886 512 2953 copiarum
526 2886 596 2937 aliae
613 2886 644 2936 in
661 2885 741 2936 Italic
760 2892 838 2938 erant
854 2887 1017 2950 collocatae,
1035 2888 1105 2941 aliae
1122 2890 1152 2940 in
1160 2888 1259 2950 Africa,
1279 2888 1351 2939 aliae
1367 2886 1400 2939 in
1407 2887 1457 2938 lli·

375 2956 488 3025 spania‚
514 2956 585 3006 aliae
607 2955 680 3023 apud
699 2955 829 3019 Colchos,
856 2958 926 3009 aliae
949 2956 1022 3027 apud
1043 2957 1191 3011 Alexandri
1208 2959 1303 3009 urbem
1329 2964 1360 3008 et
1384 2958 1455 3008 circa

376 3024 491 3076 Tb‘eben
511 3026 678 3093 Aevyptiam.
726 3027 913 3078 Consederant
940 3044 1004 3079 vero
1026 3046 1125 3097 paucae
1145 3031 1227 3081 etiam
1245 3045 1338 3079 versus
1364 3029 1457 3077 orien-

374 3096 444 3147 tales
463 3068 599 3146 Persarbm
617 3097 694 3167 fines,
718 3095 815 3166 Neque
837 3099 910 3147 enirn
928 3098 987 3149 illie
1002 3099 1127 3167 pluribus
1154 3116 1221 3167 opus
1240 3105 1312 3160 erat,
1340 3096 1376 3147 ob
1399 3098 1457 3148 foe-

376 3166 440 3217 dera
454 3164 523 3217 inita
540 3165 719 3235 induciaeque
741 3167 857 3218 tirmiter
871 3176 971 3233 pactas.
1008 3168 1049 3221 Ita
1062 3168 1163 3220 ferend
1181 3185 1308 3239 perquam
1331 3168 1458 3236 exiguam

377 3236 532 3305 portionem
549 3236 672 3287 redactae
692 3244 769 3287 erant
785 3237 879 3305 copiae
894 3244 974 3307 atque
988 3239 1090 3290 accisae
1106 3240 1260 3308 principum
1278 3237 1457 3305 negligentia.

448 3304 485 3371 ιή.
522 3307 670 3372 Imperetur
696 3306 770 3358 enim
805 3314 983 3377 posteaquam
1014 3316 1092 3359 antea
1119 3310 1269 3360 universam
1293 3308 1406 3358 ltaliam
1432 3317 1458 3359 et

376 3374 494 3427 Africam
517 3375 547 3426 in
566 3382 729 3442 potestatem
757 3376 911 3445 redegerat,
939 3380 1110 3449 maximaque
1131 3379 1204 3430 bella
1225 3379 1402 3443 confecerat,
1432 3386 1459 3429 et

376 3446 488 3515 primus,
507 3453 538 3495 ut
549 3446 589 3495 ita
606 3444 740 3507 dixerim,
757 3463 792 3497 ex
810 3448 863 3508 iis,
887 3448 935 3518 qui
955 3449 1076 3515 Byzantii
1099 3458 1252 3517 regnarunt,
1272 3451 1456 3499 Romanorum

376 3517 525 3582 Imperator
548 3516 660 3566 nomine
683 3514 787 3583 pariter
806 3525 834 3567 et
853 3520 942 3587 reipsa
969 3527 1010 3571 est
1038 3517 1203 3585 declaratus3
1228 3518 1308 3581 baec,
1327 3519 1457 3588 inquam,

376 3587 486 3653 aliaque
504 3583 547 3634 bis
569 3584 668 3635 similia
687 3601 748 3636 cunr
768 3587 883 3638 iuvenili
906 3597 1056 3671 vegetaque
1081 3596 1170 3640 aetate
1193 3590 1370 3659 perfecisset,
1399 3598 1457 3640 tum

377 3672 441 3706 vero
465 3653 516 3704 sub
536 3664 686 3705 extremum
708 3656 781 3706 vitae
806 3658 983 3721 curriculum,
1001 3659 1066 3728 (ram
1087 3658 1372 3729 enimconsenuerat,)
1398 3676 1457 3711 ces-

378 3727 444 3775 sisse
479 3732 507 3775 et
536 3724 706 3777 renuntiasse
732 3724 873 3776 laboribus
900 3728 973 3779 visus
1004 3737 1061 3791 est,
1090 3733 1227 3800 magisque
1257 3732 1283 3781 ei
1317 3728 1457 3799 quodam-

377 3794 458 3846 modo
476 3796 580 3863 placuit
600 3794 691 3845 ho'ster
716 3794 789 3847 inter
814 3812 842 3846 se
862 3800 1043 3859 committere,
1062 3804 1090 3848 et
1107 3800 1186 3851 donis
1207 3816 1253 3851 eos
1271 3800 1360 3851 sicubi
1372 3816 1456 3868 ·opus

378 3870 437 3913 erat
447 3865 617 3927 demulcere,
634 3880 721 3935 eaque
736 3866 843 3917 ratione
878 3866 1057 3920 nodammodo
1093 3871 1232 3939 repulsare
1248 3872 1356 3940 potius,
1372 3886 1456 3939 quam

378 3930 503 4001 sibiipsi
524 3934 660 3987 confidere
679 3943 707 3984 et
720 3942 853 4004 perpetuo
894 3938 1034 4007 elligerari.
1063 3885 1197 4009 Quocirca
1213 3949 1241 3992 et
1259 3942 1382 4010 legiones
1402 3942 1455 3991 im-

377 4001 465 4051 minui
490 4005 644 4075 collabique
668 4005 747 4056 facile
777 4006 948 4073 patiebatur,
974 4007 1088 4077 perinde
1116 4027 1147 4061 ac
1179 4012 1202 4061 εἰ
1226 4011 1356 4080 deinceps
1383 4011 1456 4061 nulli

377 4075 530 4124 necessario
548 4076 610 4124 usui
628 4074 683 4125 sibi
704 4082 795 4127 emeat
820 4076 935 4128 suturae.
971 4078 1049 4146 Quae
1070 4079 1181 4148 quidem
1201 4083 1368 4151 negligentia
1394 4098 1456 4133 enm

378 4141 462 4193 etiam
476 4156 543 4203 eos,
554 4145 602 4212 qni
613 4143 743 4195 mcundar
755 4147 787 4195 in
801 4144 1036 4199 administratione
1052 4149 1162 4219 imperii
1172 4161 1262 4217 partes
1278 4151 1456 4213 obtinebant,

378 4218 549 4283 occuparet,
568 4210 669 4282 quibus
683 4214 798 4283 cogendi
817 4215 961 4271 arubdilis
981 4219 1086 4273 tributa
1112 4229 1141 4274 et
1158 4220 1258 4275 deinde
1287 4222 1457 4279 exercitibus
