3109 4950
427 326 709 396 nrsronunnn
737 331 864 401 usis.
1131 303 1211 408 245

133 488 286 566 ’ξοντιχετο
311 480 371 568 γάρ
392 480 448 545 καί
466 477 499 559 ὃς
513 485 557 570 τῷ
575 484 664 573 άπντρ
682 483 947 570 καὶέκαρηβάρει·
968 482 1031 550 ,καί
1049 473 1136 550 οόπω
1155 483 1247 570 dri-A.-
1260 482 1290 536 C·
1308 484 1361 540 556

130 590 184 659 λος
206 573 246 667 ἧν
272 571 344 645 όποι
363 577 512 667 χωρήσει,
538 581 754 662 ἐπινυστάζων
775 580 867 666 θαμά
887 579 943 647 καί
957 555 1271 666 άναπαιίλόμενοι,·.[ι
1284 557 1317 610 ³⁰

129 684 165 745 ἐν
191 682 293 768 τούτῳ
318 681 354 745 δὲ
381 679 534 756 Λεόντιος
559 679 576 747 ό
605 685 809 766 Δαβραγέζου
839 678 917 768 ὑπὲρ
948 679 1101 763 τέλματός
1128 705 1212 768 τινος

129 776 303 865 ὄλισθησας
324 780 516 844 καταπίπτει
541 779 662 866 α’θρόον
689 778 744 844 καί
764 780 968 866 όποφίρεται,
989 778 1046 846 καί,
1065 777 1214 868 περιβόη-

110 889 221 962 5γνυσι
235 875 295 962 τὴν
313 871 442 941 άσπίδα.
464 875 606 960 πατάγου
623 879 658 942 δὲ
674 874 779 964 οἵσπερ
797 875 880 954 εἰκός
892 877 1030 962 μεγάλου
1051 871 1211 966 άρθίντος,

128 970 435 1062 άνέθορονάπαντες
460 973 489 1039 οἱ
504 975 638 1062 φρουροί
657 978 872 1061 διεπτοημέναι
905 980 960 1042 καί
982 976 1063 1062 όπὲρ
1081 979 1138 1062 τῆς
1157 976 1236 1041 ssi-B

127 1076 183 1159 νῆς
198 1070 331 1160 ἥμενοι,
351 1073 392 1139 τά
412 1098 449 1139 τε
466 1073 540 1160 ξίφη
558 1075 752 1157 ἐσπάσαντο,
781 1073 836 1143 καί
850 1077 1060 1165 κατεσκόπουν
1073 1074 1213 1140 ‹inanu-

40 1223 45 1241 .
124 1175 189 1254 χοό
214 1170 289 1250 τοός
316 1173 456 1256 αάχένας
485 1173 723 1258 περιδινοῧντες·
753 1172 946 1258 συμβάλλειν
972 1176 1008 1238 δὲ
1032 1173 1090 1238 οδκ
1115 1167 1211 1255 εἶχον,

126 1265 178 1334 ότι
191 1273 266 1336 πατέ
281 1273 350 1336 ἐστι
366 1268 400 1336 τό
410 1273 618 1356 γεγενημένα·
649 1274 694 1361 τῷ
711 1297 746 1337 τε
762 1270 819 1360 γάρ
837 1274 918 1360 πυρί
934 1268 1210 1356 καταυγαζόμενοι,

91 1368 203 1444 τοτοός
221 1373 256 1435 ἐν
273 1372 318 1457 τῷ
331 1369 433 1458 σκότῳ
450 1366 587 1445 ἑστῶτας
604 1373 715 1459 διορᾷν
737 1371 795 1435 οὐκ
818 1371 975 1460 ἤδόναντο
985 1421 995 1452 ,
1024 1372 1079 1436 καί
1098 1369 1114 1436 ό
1136 1369 1209 1433 κτά-

125 1492 183 1542 πος
206 1463 312 1544 αότοῖς
332 1466 732 1554 καθεύδουσιπροσπεσοόν,
752 1469 790 1533 οὐ
807 1470 896 1552 μάλα
913 1467 1046 1554 ἐναργὴς
1062 1461 1112 1552 η’ν,
1135 1469 1208 1536 οὐδὲ

125 1567 367 1651 άπσκεκριμένος
376 1616 387 1648 ,
408 1567 482 1632 τόδὲ
500 1566 609 1644 όποῖος
625 1563 706 1632 ὅπλα
723 1570 952 1654 παραδηλοῖσαι
970 1571 1206 1648 κατενεχθέντα·

124 1660 157 1727 οἱ
181 1665 216 1729 δὲ
239 1659 395 1744 Ῥωμαῖοι
417 1665 451 1739 ἐς
476 1662 512 1730 τό
531 1659 658 1752 άκριβὲς
676 1668 791 1732 ἕκαστα
817 1669 1018 1748 κατεθεῶντο.
1049 1664 1207 1754 τοιγάρτοι
1231 1701 1236 1714 ι

122 1761 159 1828 τό
180 1762 321 1846 βάδισμα
341 1762 533 1846 ἐπισχόντες,
554 1765 675 1850 α’τρόμα
701 1764 821 1848 ἔμενον,
841 1759 946 1852 ιόσπερ
968 1767 1007 1852 τῇ
1026 1766 1066 1852 γῇ
1084 1763 1207 1852 ἐνεβρι-

88 1865 276 1945 τὸζωμίνοι,
295 1865 351 1927 καί
371 1853 444 1927 οότε
462 1864 571 1950 φωνῆς
584 1855 665 1948 ἦχος
680 1865 904 1950 ἐψιθυριζετο,
923 1855 997 1928 τότε
1017 1861 1093 1941 τοὺς
1105 1860 1205 1942 πόδας

121 1963 259 2046 μετρίως
278 1964 353 2044 γοῦν
376 1965 573 2044 μετεκίνουν,
602 1957 673 2026 ἀλλ’
691 1957 794 2038 οὕτως
815 1956 918 2048 ὥσπερ
943 1956 1029 2045 εἶχον
1055 1975 1235 2047 προσεπε-(Ῑ

121 2056 275 2143 πὴγεσαν,
304 2059 368 2123 εἴτε
392 2061 488 2150 πέτρη
506 2054 590 2148 ὀξείᾳ
607 2058 722 2142 τυχόν,
740 2058 814 2126 ,εἴτε
829 2061 941 2148 θάμνῳ
959 2059 1024 2124 τινί
1037 2058 1207 2143 ἐτύγχανον

120 2156 345 2242 ἐπιβεβηκότες.
366 2158 397 2222 εἰ
414 2155 474 2243 γάρ
498 2154 543 2242 μη
569 2152 666 2234 οὕτως
685 2159 832 2240 ἐποίουν,
852 2157 910 2222 καί
931 2181 978 2232 τις
1003 2159 1206 2242 ξυναίσθησις

120 2260 179 2320 τοῦ
196 2259 361 2342 δρωμένου
382 2267 449 2333 τοῖς
469 2253 604 2342 φόλαξιν
623 2254 776 2342 ἐγεγόνει,
796 2259 919 2333 πάντας
937 2249 978 2321 δν
1000 2257 1118 2340 πέτραν
1134 2254 1204 2320 τινά
1248 2311 1257 2332 ,

82 2349 259 2442 ασμεγάλην
289 2357 476 2443 ineptiores
497 2355 579 2423 κατά
597 2359 657 2423 τοῦ
681 2360 821 2442 πρανοῦς
844 2352 1017 2435 itenditur,
1039 2353 1082 2434 sig
1103 2349 1203 2420 άπαν-

119 2482 174 2534 τας
186 2457 355 2544 ἐπιτρίψαι
377 2452 453 2531 τοός
469 2455 707 2543 ἐπερχομένους.
738 2457 783 2545 τῷ
798 2479 848 2521 τοι
875 2445 941 2541 άρα
963 2453 1076 2535 ἐκεῖνοι
1105 2445 1217 2549 ἔναυ-Η

192 2632 214 2665 r.
225 2610 283 2693 ’ναξ
304 2597 361 2680 γάρ
382 2610 523 2678 ξυνείχετο
540 2606 571 2668 δι’
588 2612 617 2662 n.
695 2629 720 2662 υ.
739 2604 795 2680 ὅπῃ
813 2611 843 2660 R.
925 2611 950 2664 6.
968 2602 1153 2677 ussartpsroa
1171 2606 1199 2655 ll.

187 2687 213 2735 8.
233 2697 302 2737 τους
319 2683 367 2743 tt,
384 2671 436 2739 τάς
451 2681 522 2749 vulg.
605 2699 632 2752 9.
651 2682 859 2752 γεγεννημένον
875 2680 904 2731 R.
978 2681 1017 2733 16.
1036 2677 1133 2749 ὥσπερ
1151 2677 1199 2737 lt,

190 2749 270 2809 ὅπως
284 2751 354 2821 vulg.
410 2752 449 2803 rs.
467 2747 540 2803 οὗτοι
558 2750 587 2803 ll.
734 2809 739 2819 ¹
1025 2744 1031 2753 '

118 2897 313 2960 praegravato,
341 2906 431 2961 neque
447 2890 536 2943 adhuc
555 2893 621 2943 satis
651 2892 807 2961 apparebat,
830 2907 948 2959 quonam
969 2905 1092 2944 evasurus
1109 2891 1198 2947 esset,

120 2965 221 3012 nutant
242 2960 399 3031 frequenter
415 2964 513 3030 eapite,
530 2977 675 3029 rursusque
693 2962 722 3013 id
741 2962 906 3017 succutiens,
942 2961 1049 3010 Interea
1066 2958 1197 3009 Leontius
1218 2954 1220 2959 ’

120 3032 269 3100 Dabragesi
286 3032 371 3087 iilius.
387 3030 422 3082 ad
439 3036 561 3083 coenum'
572 3030 708 3101 quoddam
725 3030 861 3081 lubricum
878 3030 978 3097 lapsus,
1001 3036 1060 3081 toto
1086 3040 1198 3100 eorpoqe

120 3102 241 3167 procidit
259 3108 287 3153 et
307 3101 431 3153 deorsum
449 3109 492 3153 est
513 3100 639 3161 delatus,
665 3102 800 3171 simulque
820 3107 926 3183 sputum
952 3097 1078 3167 diffregit·
1115 3093 1197 3147 Soni-

120 3180 150 3222 tu
167 3188 241 3235 vero,
260 3172 302 3223 uti
316 3189 365 3241 par
379 3181 429 3234 est,
454 3171 561 3240 ingenti
586 3172 717 3233 excitato,
740 3170 913 3221 excubitores
940 3184 1032 3219 omnes
1059 3163 1198 3233 perterriti

118 3244 311 3309 prosilierunt,
334 3243 479 3311 stratisque
498 3241 659 3301 insidentes,
679 3248 707 3293 et
723 3258 800 3292 enses
824 3237 1000 3306 stringebant,
1024 3246 1051 3289 et
1074 3235 1144 3287 eolla
1166 3236 1196 3284 in

118 3328 224 3365 omnem
241 3323 348 3383 partem
365 3320 504 3365 versantes
524 3312 726 3381 despiciebant3
747 3327 839 3381 neque
855 3318 943 3361 tumen
962 3309 1097 3370 epuiieere
1115 3313 1194 3374 pote·

116 3392 184 3447 rant,
205 3385 274 3454 qnid
296 3385 337 3435 rei
361 3392 444 3440 esset.
478 3382 548 3434 Nam
573 3391 605 3433 ut
625 3373 753 3451 splc'ndo'r
772 3380 843 3449 ignis
868 3380 989 3446 ipsorum
1014 3378 1106 3429 oeulos
1132 3392 1194 3443 per·

115 3454 282 3515 strinxerat,
303 3456 332 3505 in
350 3453 471 3505 tenebris
488 3454 650 3505 constitutos
668 3468 778 3503 eernere
796 3468 851 3502 nou
869 3455 1014 3518 poterant,
1041 3455 1070 3501 et
1086 3446 1191 3497 sonitus

114 3526 182 3590 ipsis
210 3522 409 3575 dormientibus
428 3524 545 3592 allapsus
570 3540 627 3575 nou
651 3520 796 3573 admodum
821 3520 990 3573 manifestus
1012 3526 1081 3579 erat,
1102 3532 1192 3583 neque

113 3594 277 3652 distinctus,
294 3609 384 3661 neque
402 3594 450 3664 qui
467 3611 603 3646 armorum
620 3594 678 3645 solo
701 3593 840 3643 allisorum
858 3591 989 3659 fragorem
1012 3596 1104 3657 aperte
1127 3603 1193 3655 pro·

114 3662 201 3714 deret.
243 3658 355 3713 Romani
381 3678 443 3714 vero
479 3666 677 3716 accuratissime
708 3663 799 3715 omnia
832 3660 1018 3721 observabant.
1059 3657 1192 3726 Quoellffl

112 3750 206 3803 gressu
225 3729 357 3793 inhibito,
374 3734 462 3802 quieti
488 3736 620 3805 tacitique
643 3742 809 3795 manserunt,
831 3733 917 3785 veluti
942 3739 1029 3783 terrae
1055 3726 1192 3779 radicibus

114 3804 207 3865 altini,
227 3809 255 3851 et
273 3817 363 3871 neque
380 3805 453 3854 rosis
478 3806 565 3856 ullum
582 3822 703 3857 murmur
720 3802 902 3864 audiebatur,
930 3808 958 3852 et
975 3799 1059 3867 pedes
1077 3812 1111 3847 ne
1129 3804 1191 3849 tan-

113 3874 206 3924 tillum
224 3868 337 3941 quidem
355 3873 511 3937 movebant,
529 3875 636 3926 sedita
652 3876 695 3925 uti
713 3883 790 3925 erant
810 3872 856 3923 tiri
882 3870 1041 3939 immotique
1059 3867 1189 3929 stabant,

113 3945 169 3995 sive
193 3949 299 3994 acutam
324 3941 444 4011 aliquam
471 3953 585 4012 petram,
604 3946 661 3995 sive
682 3944 808 3995 fruticem
833 3947 995 4010 premerent.
1031 3936 1090 3991 Nisi
1115 3938 1189 3989 enim

114 4013 151 4063 ita
171 4030 227 4065 reus
242 4013 435 4075 instituissent,
453 4030 600 4082 sensusque
616 4014 716 4082 uliquis
729 4028 833 4072 eurum,
850 4027 919 4081 quae
932 4008 1041 4071 fiebunt,
1058 4008 1092 4063 sd
1106 4025 1187 4059 exon*

114 4082 217 4134 bitures
239 4085 423 4151 pervenisset,
440 4085 483 4135 illi
503 4084 614 4135 omuino
631 4084 770 4149 ingentem
787 4082 907 4151 aliquam
923 4087 1028 4147 petrem
1045 4078 1187 4131 deturbas*

114 4160 189 4214 sent,
207 4170 276 4221 quae
295 4154 323 4205 in
346 4154 450 4207 declive
468 4152 610 4221 provoluta
632 4151 712 4204 facile
735 4168 837 4212 ornnes,
859 4150 907 4219 qui
930 4166 1032 4201 sursum
1057 4149 1185 4203 nitebsua

114 4230 168 4284 ῑῑῑῑι
185 4222 334 4283 collisisset
355 4225 476 4301 idcireo
493 4222 606 4306 Βοιωτοὶ
620 4222 696 4277 taciti
705 4222 865 4292 immotique
882 4219 997 4291 subare
1017 4219 1088 4277 ssleu
1104 4225 1135 4271 ut
1150 4232 1199 4273 uu.
