3109 4950
351 294 430 379 190
798 289 1008 357 auinaue

193 457 261 514 bc·
281 448 434 525 555τοότο
455 446 491 511 δὲ
511 442 669 531 ἔδρασαν,
699 443 744 521 τός
764 434 806 508 όν
826 439 872 527 μὴ
897 439 953 528 την
979 442 1106 507 ἐνθένδε
1131 436 1209 527 ὕλην
1233 440 1263 508 οῖ
1281 448 1419 528 πολέμιοι

246 528 514 631 Η’99πρόγειρον
528 542 667 626 ἔχοντες,
696 542 834 617 εὐκόλως
853 538 910 618 τὰς
929 540 1140 626 ἐπιτεχνήσεις
1156 546 1221 607 τῶν
1236 540 1335 628 ἔργων
1355 566 1419 607 ποι-

340 652 431 709 οῖντο.
452 645 569 727 ἐκείνης
585 644 644 725 μὲν
664 633 721 707 οόν
739 642 797 726 τῆς
815 640 937 726 ἡμέρας
956 640 1049 704 οὐδέν
1063 666 1094 703 τι
1111 640 1323 725 ἀξιαφήγητον
1340 634 1411 706 ἄλλο

264 739 504 828 λἠιίπρόχθη,
526 734 617 823 itti,
635 739 743 817 νυκτός
768 739 993 825 ἐπιφοιτώσης,
1021 736 1038 802 ό
1056 736 1251 823 Ναχοραγόν
1267 734 1335 821 ἅμα
1352 749 1411 817 τοῖς

341 839 492 926 πλήθεσιν
506 842 539 916 ἐς
555 838 591 903 τό
608 841 823 927 στρατόπεδον
836 839 995 922 ἐπανῆκεν.
1016 840 1055 922 τῇ
1073 839 1109 901 δὲ
1123 836 1272 927 ὑστεραίᾳ
1287 837 1304 901 ό
1324 844 1437 925 Inep-5

313 948 426 1014 Βτῖνσς
451 935 490 1003 τό
525 941 645 1003 τετῶν
674 939 796 1002 οἰκείων
819 932 1004 1022 φρονήματα
1033 929 1207 1019 ἑπιρλροόσᾶι
1233 933 1418 1017 βουλόμενος

341 1036 398 1103 καὶ
417 1034 491 1113 τοός
514 1035 674 1115 ἐναντίους
695 1038 862 1119 ἐκπλῆξαι,
889 1026 1020 1119 ἤθροισε
1039 1037 1098 1116 μὲν
1116 1036 1150 1110 ἐς
1174 1032 1273 1097 ταότό
1296 1030 1419 1102 ἅπασαν

341 1134 401 1222 τὴν
423 1137 488 1201 τῶν
505 1135 677 1217 Ῥωμαίων
697 1132 863 1220 στρατιὰν,
893 1133 937 1209 ὥς
961 1133 1000 1217 dri
1020 1160 1052 1198 τι
1076 1135 1139 1197 τῶν
1167 1130 1331 1218 παρόντων
1351 1136 1420 1219 πέρι

341 1229 597 1317 διασπειρόμενος·
630 1233 774 1320 elopem}
803 1234 838 1296 tt
874 1227 995 1316 ἀθρόον
1024 1234 1058 1306 ἒς
1081 1233 1198 1314 μέσον,
1236 1226 1317 1296 οότω
1347 1231 1420 1317 πρὸς

343 1334 447 1399 ου’τοῦ
464 1336 732 1418 μεμελετημένον,
762 1325 839 1418 ἆνήρ
863 1355 911 1406 τις
931 1333 995 1395 τῶν
1017 1330 1056 1394 οὔ
1075 1329 1146 1395 λίαν
1161 1332 1342 1416 γνωρίμων,
1370 1354 1458 1397 κο-ιο
1528 1401 1529 1404 ,

341 1435 470 1519 νιορτοῦ
490 1454 523 1496 τε
544 1428 720 1514 ἀνάπλεως,
753 1432 808 1495 καί
828 1422 892 1505 οἶος
908 1430 944 1493 ἐκ
960 1432 1085 1514 μακρᾶς
1103 1426 1284 1514 ὁδοιπορίας
1305 1427 1420 1507 εἰκάζε-

343 1536 440 1613 σθαι,
466 1524 554 1615 ἥκειν
569 1553 603 1594 τε
620 1528 723 1613 ἔλεγεν
742 1530 856 1593 αὐτίκα
872 1530 907 1592 ἐκ
931 1527 1108 1606 Βυζαντίου
1116 1578 1127 1609 ,
1153 1528 1208 1591 καί
1219 1526 1351 1611 γράμμα
1366 1529 1421 1590 τοῦ

341 1724 532 1814 στρατηγός,
561 1726 617 1791 καί
636 1727 794 1808 όνελίξας,
822 1719 880 1789 uriae
901 1726 935 1790 ἐν
956 1720 1122 1812 ἀπορρήτῳ
1140 1726 1216 1788 καθ’
1230 1718 1328 1787 αὑτόν
1355 1723 1421 1786 ἀνε-
1529 1719 1530 1812 l

343 1829 466 1910 λέγετε,
488 1825 562 1890 οὐδὲ
582 1825 692 1907 μόνοις
712 1837 778 1902 τοῖς
795 1817 936 1907 όμμασιν
955 1824 1059 1912 ἡσυχῇ
1080 1821 1170 1888 deicis
1194 1825 1237 1909 τῷ
1259 1824 1301 1910 νῷ
1324 1824 1461 1906 εἰσῆγειό
1529 1857 1530 1922 η

342 1922 384 1988 τό
403 1927 618 2009 γεγραμμένα,
651 1920 845 2007 σίλλόἰνεβόα
861 1925 990 2012 λαμπρᾷ
1010 1926 1050 2009 τῇ
1069 1924 1178 2009 φωνῇ,
1208 1921 1252 1995 σός
1268 1917 1309 1985 ἂν
1323 1916 1420 1984 ἅπαν·
1529 1927 1530 1930 ’

342 2046 393 2098 τες
408 2023 553 2089 ε’παῖοιεν.
584 2023 638 2088 καί
652 2026 695 2112 τῷ
714 2026 773 2105 μὲν
795 2023 940 2113 pretatis
958 2023 1063 2111 ε’κείιαρ
1083 2019 1159 2097 ἴσως
1174 2014 1251 2086 ἄλλο
1274 2046 1306 2085 τι
1324 2020 1421 2103 ἐνεγέ-

312 2145 473 2207 ργραπτο.
499 2112 539 2205 ἦν
562 2124 597 2187 δὲ
618 2116 703 2205 ὅμως
722 2122 761 2186 τό
782 2123 926 2205 βοώμενα
949 2123 1035 2187 τάδε·
1069 2120 1282 2203 ,ἐστάλκαμέν
1304 2142 1355 2183 σοι
1370 2115 1424 2180 καὶ

338 2216 457 2307 ’ἑτέραν
483 2218 653 2306 στρατιὰν,
686 2221 724 2285 ori
738 2223 850 2302 μείονα
876 2223 933 2306 τῆς
963 2221 1152 2306 προσούσης·
1179 2218 1282 2283 καίτοι
1310 2219 1341 2281 εἰ
1369 2214 1425 2278 καί

343 2321 448 2407 πολλῷ
462 2318 588 2395 πλείους
605 2317 635 2384 οἱ
652 2323 815 2401 δυσμενεῖς
835 2316 1020 2420 τργχόνοιεν
1037 2309 1138 2399 ὄντες,
1160 2318 1229 2401 ἄλλ’
1249 2317 1307 2380 οόκ
1323 2317 1355 2390 ἐς
1371 2338 1462 2383 τοτα

342 2420 453 2483 σοῦτον
468 2417 554 2500 dissic
569 2418 824 2505 όπερβαλοόνται
841 2421 885 2507 τῷ
903 2416 1035 2503 πλήθει,
1065 2415 1178 2484 ὁπόσον
1203 2416 1292 2499 ὑμεῖς
1311 2417 1349 2504 τῇ
1366 2410 1423 2479 ἆν-

344 2516 435 2605 όρίρ,
465 2511 546 2581 ὥστε
572 2516 770 2600 συμβήσεται
798 2515 856 2602 τήν
882 2542 916 2581 τε
936 2512 1097 2601 ὀλιγότητα
1118 2516 1173 2582 καί
1195 2514 1253 2600 τήν
1273 2514 1423 2599 ἀμετρίαν

342 2617 403 2680 τῶν
428 2612 506 2679 ἴσων
518 2612 563 2699 μή
584 2610 804 2702 ἀφεστηκέναι.
827 2613 870 2691 ὦς
888 2609 928 2680 όν
944 2618 980 2679 di
992 2616 1073 2700 μηδὲ
1089 2611 1186 2702 ταότη
1201 2617 1311 2677 ἐκεῖνοι
1325 2636 1423 2696 μεγα-

412 2776 437 2827 9
456 2757 530 2828 πρός
549 2753 577 2828 γ’
593 2753 683 2809 auron
700 2758 770 2827 vulg.
842 2748 1144 2830 rospaepseiarpopsirov
1163 2759 1191 2808 R.
1266 2758 1304 2811 15.
1327 2754 1365 2825 τῷ
1383 2758 1424 2826 νρλ

411 2844 465 2884 om.
485 2831 515 2883 ll.
557 2847 594 2900 ¹9·
614 2829 814 2901 προσηκούσης
833 2829 865 2884 R.
917 2832 959 2884 23.
977 2831 1017 2882 ἐκ.
1040 2844 1106 2901 μεγ.
1123 2828 1199 2881 ταότ.
1219 2828 1251 2883 R.

342 2953 472 3004 nimirum
500 2953 634 3018 consilio,
660 2971 695 3006 ne
714 2954 839 3019 hostes,
865 2955 1032 3007 commodam
1046 2955 1111 3027 ,illic
1131 2963 1274 3025 aptamque
1292 2954 1347 3005 suis
1365 2954 1426 3006 usi-

343 3024 395 3076 bus
415 3025 555 3077 materiam
576 3025 663 3089 nacti,
688 3025 769 3077 facile
793 3043 875 3094 opera
890 3026 1113 3078 machinarentur.
1147 3027 1185 3076 Eo
1207 3025 1300 3095 itaque
1318 3023 1364 3075 die
1380 3025 1428 3076 ni-

342 3093 385 3146 hil
402 3094 477 3147 aliud
497 3103 646 3146 memoratu
673 3094 785 3164 dignum
806 3105 847 3147 est
864 3106 982 3166 gestum3
999 3105 1079 3148 nocte
1100 3104 1190 3147 autem
1208 3098 1350 3164 ingruente
1367 3094 1426 3145 Na-

344 3165 476 3234 eboragan
494 3181 521 3216 se
542 3183 603 3216 cum
628 3167 714 3234 copiis
739 3168 794 3217 suis
813 3168 843 3217 in
865 3175 950 3219 caetra
969 3184 1029 3218 rece
1049 3166 1080 3222 it.
1118 3163 1249 3217 Postridie
1269 3181 1332 3217 vero
1351 3165 1428 3216 Mar-

344 3237 420 3287 tinus
440 3252 501 3286 cum
523 3253 632 3288 suorum
653 3238 756 3288 animos
783 3237 939 3289 confirmare
956 3185 1054 3299 vellei),
1073 3235 1165 3288 hostes
1181 3252 1244 3286 vcro
1261 3235 1428 3304 percellere,

336 3306 500 3356 ‘universum
517 3307 698 3358 Romanorum
717 3307 865 3358 exercitum
883 3308 912 3360 in
932 3324 1017 3360 uniam
1031 3309 1131 3376 coegit,
1151 3314 1279 3375 tanquam
1296 3305 1331 3358 de
1345 3322 1429 3374 prae·

344 3376 417 3427 senti
436 3391 525 3426 rerum
548 3385 618 3426 statu
649 3377 856 3435 consultaturus.
902 3378 1053 3430 Confestim
1077 3393 1140 3428 vero
1159 3378 1189 3428 in
1208 3377 1329 3427 medium
1348 3376 1430 3428 venit

344 3447 401 3516 (ita
420 3447 491 3497 enim
502 3444 532 3496 id
552 3449 610 3514 ipse
628 3447 803 3514 procurarat)
820 3448 862 3498 vir
878 3448 987 3568 [puidam
1007 3464 1063 3498 non
1075 3446 1219 3498 admodum
1239 3455 1338 3509 notus,
1360 3447 1429 3514 pul-

333 3523 407 3568 'vere
426 3515 530 3568 obsitus
554 3515 669 3584 perinde
695 3533 725 3568 ac
746 3517 768 3567 si
790 3526 861 3568 esset
898 3520 1064 3588 ouginquum
1088 3519 1142 3568 iter
1166 3533 1313 3581 emensus3
1346 3516 1371 3566 is
1398 3532 1430 3567 se

344 3595 469 3639 recenter
484 3587 613 3652 Byzantio
633 3587 726 3637 venire
745 3585 871 3650 dicebat,
888 3588 1046 3656 litterasque
1065 3586 1099 3638 ab
1118 3588 1282 3655 Imperatore
1302 3585 1431 3650 adferre,

346 3675 412 3727 quas
437 3675 495 3709 cum
516 3655 673 3777 praefectus
703 3655 885 3710 libentissime
914 3660 1062 3725 accepisset
1098 3673 1129 3708 ac
1158 3661 1341 3724 resignasset,
1369 3673 1432 3708 non

346 3743 441 3780 arcane
461 3745 513 3796 apu
552 3741 579 3776 se
603 3727 738 3796 perlegit,
766 3741 856 3795 neque
882 3729 947 3778 solis
966 3728 1052 3779 oculis
1079 3729 1177 3779 tacitus
1206 3743 1365 3796 percurrens
1397 3728 1433 3777 in

347 3799 437 3850 animo
456 3815 504 3850 suo
526 3812 618 3848 earum
635 3813 766 3848 summam
784 3796 941 3865 premebat,
975 3797 1024 3849 sed
1046 3797 1101 3848 alta
1124 3793 1190 3849 v'oce
1216 3797 1371 3859 recitabat,
1396 3805 1433 3846 ut

348 3881 440 3918 omnes
459 3867 628 3922 exaudirent.
664 3868 699 3918 Et
715 3866 812 3918 libello
833 3867 943 3936 quidem
961 3865 1011 3920 illo
1034 3868 1153 3919 fortassis
1172 3868 1248 3918 aliud
1267 3868 1335 3937 quid
1358 3883 1433 3917 con-

346 3935 502 4002 tinebatur3
526 3954 595 4007 quae
615 3954 679 3990 vero
699 3937 899 4002 recitabantur,
924 3937 991 3990 haec
1009 3945 1106 3990 erant:
1124 3938 1249 3989 Misimus
1267 3938 1320 3988 tibi
1341 3939 1435 3988 etiam

346 4005 432 4055 alium
450 4009 610 4070 exercitum,
635 4025 692 4061 non
707 4009 840 4060 minorem
859 4025 891 4061 eo
910 4025 993 4079 quem
1009 4008 1109 4073 habes,
1133 4025 1164 4059 ac
1184 4006 1301 4077 proinde
1320 4006 1434 4058 etiamsi

347 4075 440 4127 hostes
461 4078 546 4128 multo
568 4079 625 4129 sint
647 4078 726 4130 vobis
743 4079 857 4147 plures,
882 4096 939 4131 non
959 4088 1101 4149 tantopere
1120 4087 1210 4130 tamen
1229 4072 1283 4132 τοί
1297 4077 1434 4129 multitu-

348 4145 412 4198 dine
429 4146 610 4216 superabunt,
634 4157 765 4219 quantum
786 4165 834 4200 vos
852 4149 1031 4217 fortitudine3
1056 4166 1110 4220 quo
1133 4149 1182 4199 fiet
1200 4156 1233 4201 ut
1250 4147 1388 4217 paucitati
1402 4154 1435 4197 et

348 4219 470 4272 excessui
490 4233 539 4272 sua
560 4217 642 4269 etiam
663 4227 770 4273 constet
787 4219 945 4292 aequalitas.
980 4219 1109 4277 nevero
1134 4219 1215 4272 εοὶπω
1231 4217 1285 4272 hoc
1311 4218 1434 4273 nomine
