3109 4950
432 302 717 367 msromsauu
744 305 798 365 iv,
819 310 870 371 ιο.
955 292 958 299 ’
1140 275 1218 361 231

133 479 211 541 νος,
231 459 300 525 τότε
315 458 354 543 δὴ
376 451 513 533 ἅπαντες
534 458 567 531 ές
586 434 693 520 ιἰἷνιτονΙ
701 450 891 540 ἐτράποντο,
921 453 1165 539 ἀποβεβληκότες
1183 452 1358 518 tibet&

133 566 333 643 χαλεπαῖνον.
363 554 419 621 καί
435 554 489 620 ε’πί
505 554 630 631 τούτοις
649 554 777 619 ἐλέλυτο
799 556 859 635 μέν
875 548 893 616 ὅ
910 549 1012 643 ἀγάνῇ
1034 550 1065 618 οῖ
1083 556 1119 618 δέ
1136 530 1250 617 Κόλ-Ῑ·
1264 530 1328 601 ιη
1360 573 1366 584 ”

133 682 189 743 χοι
207 652 302 734 αάθις
315 656 475 721 διετέλουν
491 647 576 719 εύνοι
589 646 674 729 ὄντες
690 654 723 728 ἐς
741 648 782 717 τά
798 651 938 734 μάλιστα
956 650 1149 735 Ῥωμαιοις,
1169 657 1225 717 καὶ

135 754 188 821 τὸν
208 756 361 843 πρότερον
381 749 603 835 ἀνανεούμενοι
620 752 746 837 τρόπον.

117 858 136 919 5
221 856 271 937 ιδ.
318 852 446 919 Τούτων
465 854 692 937 γεγενημένων,
713 849 754 916 τά
770 855 830 935 μὲν
848 852 913 918 τάν
937 848 1111 934 Ῥωμαίων
1128 867 1256 937 mee-B

137 952 255 1017 τάπιδα
279 949 475 1033 διεχείμαζεν
501 946 562 1015 ἀνά
587 947 626 1013 τά
648 948 828 1031 πολίσματά
849 974 883 1013 τε
905 950 960 1013 καί
983 949 1141 1037 φρούρια,
1162 945 1226 1016 ἀσ-

137 1078 180 1137 πη
203 1046 323 1138 ἑκάστιρ
348 1051 536 1115 διετέτακτο.
564 1048 715 1138 ἐντούτῳ
736 1052 773 1113 δὲ
794 1042 908 1135 ἀνδρες
928 1050 991 1113 τοῖν
1012 1046 1101 1135 παρὰ
1121 1054 1226 1114 Μισι-

136 1156 261 1232 μιανοῖς
283 1144 518 1212 δυνατωτάτων
540 1150 573 1223 ἐς
593 1144 734 1233 Ἰβηρίαν
751 1146 840 1233 παρὰ
861 1146 916 1214 τὸν
933 1148 1126 1233 Ναχοραγὰν
1146 1149 1226 1234 ἀφι-

137 1246 278 1329 κόμενοι,
306 1240 475 1309 ἀπαντάοῖ
495 1246 670 1330 διήγγειλαν
693 1244 731 1310 τά
759 1245 815 1313 ἐπὶ
831 1244 1003 1336 Σωτηρίχῳ
1020 1245 1099 1330 πρὸς
1120 1238 1226 1312 atres

98 1347 361 1429 ιοτετολμημένα·
381 1341 438 1426 τὴν
460 1347 520 1425 μὲν
542 1342 759 1429 ἀληθεστάτην
787 1344 890 1409 αἰτίαν
903 1338 1007 1429 ἧρέμα
1027 1344 1226 1429 ἀποκρυπτό-

138 1467 249 1529 μενοι,
278 1446 412 1526 λέγοντες
434 1445 486 1525 δὲ,
508 1441 551 1519 οἷς
580 1440 688 1529 ἐπειδὴ
714 1446 896 1509 ἕκπλεύιτοο
918 1442 958 1508 τά
975 1446 1114 1529 Περσῶν
1135 1442 1227 1526 ἐτύγ-

137 1566 236 1627 χανον
253 1538 421 1629 ᾑρημένοι,
450 1541 745 1627 προπηλακίζεσθαι
765 1545 851 1630 σφᾶς
868 1543 931 1608 ύπύ
954 1566 990 1606 τε
1012 1539 1151 1625 Κόλχων
1168 1536 1227 1605 αύ-

138 1641 200 1706 τοῖν
218 1639 272 1703 καί
299 1637 486 1723 Ῥωμαίων,
508 1640 563 1705 καί
579 1642 614 1707 ἀν
635 1650 700 1718 τοῖς
718 1638 923 1724 ἀτιμοτάτοις
938 1640 1089 1725 τετάχθαι
1098 1692 1108 1722 ,
1129 1644 1227 1726 πέρας

139 1742 175 1804 δὲ
199 1736 379 1826 Σωτῆριχον
392 1740 500 1817 αύτοῖς
516 1742 680 1827 ἐπιστῆναι
688 1794 699 1823 ,
727 1743 805 1832 λα’γιρ
819 1744 880 1824 μέν
899 1742 943 1819 οἷς
957 1740 996 1826 δὴ
1013 1744 1146 1827 χρυσίον
1161 1747 1226 1814 τοῖς

82 1839 556 1921 ·15ξυριμάχοιςδιανεμοῦντιι,
577 1837 658 1929 ἔργῳ
681 1840 775 1905 δὲτὰ
799 1842 854 1905 ε’πί
872 1838 957 1929 λύμη
981 1864 1015 1903 τε
1031 1843 1088 1903 καί
1109 1844 1253 1906 uaeas-c

140 1940 225 2021 ρέσει
241 1938 297 1999 τού
315 1935 431 2013 παντὸς
444 1942 551 2021 γένους
567 1942 829 2026 διαπραξάμενον.
858 1938 997 2026 ,,Παρύν
1012 1940 1118 2004 τοίνυν
1128 1938 1225 2021 ἡμῖν’

140 2033 265 2121 ἔφασαν
279 2031 475 2121 οῖ’πρέσβεις
494 2031 538 2121 ,ἢ
557 2032 659 2124 ἀρδην
679 2033 890 2120 ἀπολωλέναι,
909 2034 1154 2124 ἢπροτερήσασι
1171 2032 1304 2103 cii-w

140 2141 197 2214 ξαν
218 2136 277 2217 μέν
298 2160 370 2201 τινα
392 2134 468 2211 λαως
490 2141 568 2224 παρ’
584 2137 679 2213 ἐνίαις
697 2138 933 2221 ἀπενέγκασθαι
949 2134 1157 2223 προπετείας,
1176 2132 1231 2199 καί

138 2234 184 2309 οἷς
205 2232 321 2298 τοιοίδε
339 2234 538 2317 κοιτάζεσθαι,
567 2235 723 2318 βιοτεύειν
753 2240 790 2302 δὲ
815 2233 899 2318 ὅμως
921 2236 967 2302 ἔτι
984 2241 1051 2300 κατ’
1066 2236 1229 2315 ιάξοοσιλιν,

97 2332 199 2398 nonai
213 2330 252 2397 τά
267 2332 403 2419 ἡμέτερα
420 2329 529 2400 αύταῖν
545 2328 567 2423 ᾗ
585 2330 801 2425 ἀνσννοίσειν
821 2334 924 2418 δοκοίη
945 2335 1131 2412 διατιθέναι,
1146 2328 1229 2396 εἱλό-

207 2436 233 2490 6.
251 2436 443 2507 πολιτεύμενα
461 2453 486 2491 ιι.
507 2454 539 2508 φ.
558 2440 587 2490 R.
661 2455 689 2508 η.
709 2438 741 2492 ἐν
757 2437 857 2508 τούτῳ,
893 2438 966 2490 Haec
984 2452 1072 2507 usque
1094 2434 1129 2486 ad
1145 2433 1231 2486 verbe

142 2541 144 2548 ι
204 2507 290 2566 ἔθνος
308 2506 433 2560 ἐλπίδων
459 2525 485 2578 p.
514 2513 573 2563 233.
606 2510 648 2562 ed.
666 2511 751 2561 Bona.
769 2528 794 2563 v.
822 2528 848 2562 a.
870 2511 956 2562 relata
991 2514 1057 2561 sunt
1078 2507 1151 2569 inter
1172 2506 1227 2556 Ex-

210 2590 301 2645 cerpta
329 2577 362 2630 de
381 2579 574 2648 legationibus.
611 2583 774 2638 Μυσιανοῖς
794 2581 857 2632 Eae.
879 2588 908 2632 et
925 2583 1009 2646 Iutpr.
1079 2595 1105 2645 9·
1124 2575 1153 2630 οἱ
1173 2591 1228 2626 om.

209 2649 273 2700 Ere
309 2643 343 2698 tri
362 2664 414 2700 0¹11·
432 2651 461 2702 R.
556 2669 594 2704 ra.
617 2651 763 2719 σιμ-ἄτοπα.
783 2653 812 2700 R.
887 2650 927 2719 ιλ.
951 2649 1050 2705 αὐτοῖς
1071 2649 1100 2698 R.
1119 2648 1182 2698 Exc.
1201 2651 1229 2696 et

211 2718 296 2786 Intpr.
316 2719 378 2782 sibi,
393 2707 482 2772 αδτύν
493 2722 566 2791 vulg.
622 2723 663 2778 ro.
675 2719 931 2795 διαπραξάθεονλλ.
988 2723 1028 2776 re.
1046 2721 1095 2782 τῆς
1113 2716 1228 2769 edditfl·

212 2797 276 2840 ente
297 2793 477 2860 προπετείας.
498 2800 505 2816 ²
1216 2819 1224 2837 .

141 2874 234 2928 uentis
253 2877 325 2945 leges
343 2877 447 2939 vereri,
472 2884 500 2929 et
512 2877 625 2930 nefariis
640 2876 769 2929 caedibus
787 2878 936 2930 abstinere.
958 2877 1102 2946 Postquam
1119 2891 1183 2926 vero
1198 2873 1229 2926 hi

141 2944 279 3014 capitibus
298 2947 408 2998 fuerunt
426 2949 562 3012 truncati,
580 2947 614 2998 ad
631 2949 895 3000 commiserationem
914 2948 984 2997 versi
1000 2963 1107 2997 omnem
1123 2948 1230 2996 animo-

140 3031 202 3067 rum
221 3019 397 3068 offensionem
418 3017 620 3086 deposuerunt:
641 3025 723 3088 atque
747 3016 787 3068 ita
811 3024 959 3069 conventus
977 3015 1139 3066 iudiciarius
1155 3015 1230 3064 solu-

139 3093 205 3150 tus,·
231 3085 327 3138 Colchi
350 3105 412 3140 vero
433 3089 521 3142 insua
537 3106 599 3158 erga
616 3091 749 3142 Romanos
767 3087 822 3141 fite
840 3104 872 3138 ac
888 3084 1083 3139 benevolentia
1100 3086 1229 3137 acerrime

141 3158 329 3223 perstiterunt.

215 3245 252 3278 ra.
290 3229 339 3279 His
373 3231 412 3282 ita
437 3229 570 3300 peractis,
609 3230 791 3280 Romanorum
826 3226 923 3297 copiae
950 3243 1000 3296 per
1026 3224 1108 3276 urbes
1132 3231 1161 3276 et
1185 3242 1231 3276 ca-

142 3296 220 3347 stella
248 3298 351 3350 divisae
380 3299 584 3362 hibernarunt,
609 3308 692 3370 prout
716 3300 815 3370 cuiq'ue
837 3295 994 3350 mandatum
1022 3303 1087 3347 erat.
1124 3297 1232 3348 Interea

140 3365 193 3416 viri
211 3369 323 3438 quidam
349 3373 513 3440 praecipuae
536 3371 609 3420 inter
633 3369 804 3421 Misimianos
828 3367 970 3438 potentiae
995 3366 1025 3418 in
1052 3365 1171 3418 Iberiam
1197 3365 1233 3415 ad

139 3435 362 3508 Nachoraganem
382 3459 442 3491 eum
460 3441 666 3510 pervenissent,
686 3442 777 3491 omnia
799 3442 826 3490 ei
848 3439 1023 3500 nuntiarunt,
1040 3454 1110 3507 quae
1131 3439 1161 3487 iu
1180 3435 1232 3485 So-

81 3550 85 3556 .
139 3506 278 3557 terichurn
303 3519 525 3577 perpetrassent3
551 3509 717 3562 verissimam
741 3507 853 3580 quidem
880 3524 987 3559 causam
1009 3507 1119 3558 silentio
1139 3504 1231 3556 occul-

139 3581 251 3636 tantes,
276 3577 396 3630 dicentes
415 3597 495 3643 vero,
520 3579 604 3650 quod,
622 3597 714 3632 cuma
735 3580 823 3631 multo
843 3587 967 3647 tempore
987 3579 1134 3629 Persarum*
1141 3582 1233 3644 partes

141 3651 235 3696 essent
252 3649 362 3706 secuti,
387 3650 543 3718 ,ignominia
568 3652 741 3703 afficerentur
762 3659 790 3702 et
813 3650 847 3700 ab
870 3651 937 3718 ipsis
959 3647 1067 3699 Colchis
1089 3652 1117 3696 et
1140 3663 1156 3695 a
1178 3646 1233 3694 Ro-

141 3715 247 3776 manis,
267 3723 348 3782 atque
373 3719 446 3770 iuter
464 3722 608 3773 vilissimos
631 3731 832 3773 censerentur:
851 3720 963 3770 tandem
976 3735 1041 3770 vero
1060 3713 1232 3768 soterichum

141 3786 233 3854 ipsum
247 3789 444 3850 supervenisse,
468 3791 558 3842 verbis
581 3790 692 3862 quidem
713 3810 777 3860 prae
790 3808 818 3842 se
832 3791 983 3847 ferentem<
994 3784 1070 3857 quod
1090 3785 1235 3854 pecuniam

143 3855 225 3906 sociis
245 3851 410 3906 distribuere
427 3859 518 3924 vellet,
542 3879 570 3912 re
589 3871 679 3912 autem
699 3855 767 3928 ipsa,
799 3877 869 3931 quae
883 3859 917 3910 ad
943 3858 1092 3926 perniciem
1116 3856 1235 3907 eversio-

142 3941 260 3994 nemque
279 3925 363 3976 totius
383 3929 470 3994 gentis
486 3931 672 3997 pertinebant,
692 3929 860 3982 molientem.
880 3929 965 3988 „Cum
984 3927 1076 3995 itaque
1095 3935 1234 3995 oporteret

143 4013 193 4046 nos
220 3993 367 4064 (dicebant
387 3999 522 4070 oratores)
540 4000 584 4051 vel
606 3999 730 4051 funditus
774 4002 863 4060 crire,
891 3998 934 4048 vei
955 3995 1157 4065 praeveniendo
1180 3999 1235 4048 Ro·

143 4082 236 4116 manos
263 4065 346 4117 calidi
374 4066 498 4118 fortassis
518 4085 549 4118 ae
567 4069 726 4136 praecipitia
747 4017 815 4119 ἀδεεῖ
835 4067 993 4137 opinionem
1016 4067 1089 4135 apud
1114 4065 1236 4118 nonnul-

143 4135 186 4184 los
204 4136 361 4200 incurrere,
388 4153 477 4208 eoque
498 4138 608 4189 nomine
626 4139 697 4188 male
714 4136 827 4200 audire,
851 4146 927 4188 vetus
947 4144 1036 4190 tamen
1054 4147 1175 4190 nostrum
1191 4134 1234 4183 vi-

144 4203 235 4256 rendi'
251 4206 294 4259 ins
313 4209 452 4272 retinere,
472 4215 500 4260 ct
519 4207 553 4261 de
576 4206 657 4261 rebus
679 4207 794 4272 nestris,
810 4209 893 4279 prout
904 4209 1133 4262 constitissimurn
1148 4205 1251 4260 vimmo
