3109 4950
340 258 351 287 Ι

302 292 358 375 60
485 272 488 276 ’
740 316 949 420 adamim

151 490 180 545 Α,
193 491 221 542 c.
240 467 351 543 552sac'
369 465 568 554 ἀναστροφὰς
585 470 623 554 τῇ
643 468 734 556 πτίρρ
760 469 1020 549 πεπαιδευμένου·
1047 468 1128 535 ἀλλά
1155 468 1214 555 γάρ
1240 471 1297 535 καί
1313 473 1376 537 τῶν

189 588 209 639 l.
223 588 242 638 1.
254 588 288 641 26
297 560 378 654 ἀμφ’
395 566 498 651 aaron
510 565 583 643 τοός
603 562 712 630 όπόσοι
728 566 766 629 od
785 567 917 646 πάμπαν
937 563 1069 651 ἀγνῶτες
1083 566 1123 654 τά
1141 569 1276 650 πολέμια
1293 561 1376 655 ἦσαν

298 668 437 731 ἕπεσθαί
448 666 477 729 οἱ
495 666 628 730 ἐκέλευε.
648 662 704 728 καί
725 661 755 727 οἱ
782 668 841 745 μὲν
867 668 900 743 ἐς
924 663 998 742 τοός
1026 668 1143 755 ἵππους
1168 667 1377 755 ἀναθορόντες

300 749 394 853 (ἦσαν
410 766 445 828 δὲ
464 755 576 849 ἀνδρες
595 764 628 837 ἐς
642 763 855 851 τριακοσίους)
882 766 1092 849 ἐφωμάρτουν
1108 788 1142 829 τε
1162 767 1217 829 καί
1238 764 1378 849 ἐπήλαυ-

298 886 351 929 νον
370 858 425 926 tei
445 864 505 925 τόν
524 858 687 941 πολεμίων.
709 858 738 923 οἱ
759 862 795 924 δὲ
813 860 966 938 ἐσιδόντες
988 862 1108 939 αότοός
1128 862 1282 944 ἐπιόντας,
1300 868 1399 934 οπο-5

299 960 400 1049 ράδην
426 963 486 1040 μὲν
515 958 618 1023 οόκέτι
636 958 753 1043 ἠλῶντο
760 1010 771 1039 ,
802 953 877 1021 uite
903 954 993 1039 οἶμαι
1013 963 1070 1043 τῆς
1093 962 1180 1035 λείας
1198 962 1379 1052 ἐμέμνηντο

299 1062 485 1145 ἠθροίζοντο
504 1060 539 1122 δὲ
556 1056 610 1121 ἐπὶ
629 1060 714 1143 σφᾶς
732 1052 877 1138 άπαντες,
898 1054 933 1121 τό
949 1082 983 1121 τε
1007 1057 1131 1123 ἱππικόν
1157 1055 1212 1122 κατ’
1235 1056 1264 1122 οἱ
1281 1060 1381 1140 πεζοί,

270 1161 356 1227 Duas*
381 1160 415 1233 ἐς
433 1157 580 1243 φάλαγγα
603 1156 841 1238 ξυνετάττοντο,
869 1162 1005 1239 βαθεῖαν
1023 1160 1083 1239 μὲν
1100 1149 1171 1219 obre
1187 1154 1277 1247 μάλα
1301 1159 1382 1241 (πῶς

300 1256 361 1343 γάρ
384 1252 500 1323 οἷόντε
519 1247 557 1340 ἦν
573 1248 611 1318 od
629 1252 755 1341 σφόδρα
775 1258 897 1323 πολλῶν
918 1250 1018 1320 αότοό
1034 1244 1214 1341 ἀφιγμένων
1223 1262 1246 1336 3)
1273 1278 1383 1339 καρτε-

302 1358 363 1443 ράν
377 1358 411 1421 δὲ
436 1349 524 1435 όμως
544 1357 587 1443 τῷ
605 1355 812 1440 συνασπισμῷ
827 1352 882 1417 καί
897 1356 942 1443 τῷ
966 1352 1005 1419 τά
1025 1356 1102 1439 κέρα
1122 1355 1156 1419 ἐν
1175 1354 1280 1440 κόσμῳ
1304 1376 1422 1423 συν-ιο

301 1458 484 1521 νενευκέναι.
504 1452 534 1518 οἱ
555 1456 589 1517 δὲ
604 1453 762 1533 Ῥωμαῖοι
782 1449 889 1537 ἐπειδὴ
910 1457 943 1527 ἐς
965 1450 1057 1531 τόξου
1074 1478 1109 1540 γε
1125 1445 1186 1537 ἤδη
1204 1450 1299 1536 βολὴν
1316 1452 1383 1533 ἐγε-
1460 1473 1480 1516 e

301 1556 445 1639 γένηντο,
474 1555 605 1633 ἐμμίξαι
627 1554 686 1631 μὲν
708 1553 763 1615 κατ’
783 1550 943 1636 συρράξαι
958 1561 1022 1627 τοῖς
1044 1551 1203 1631 πολεμίοις
1224 1540 1262 1613 ui
1281 1573 1384 1633 παρα-

302 1655 500 1735 τεταγμένοις
510 1646 621 1735 ἧκιστα
638 1642 730 1736 ᾤοντο
745 1651 871 1735 χρῆναι,
892 1649 1060 1730 τοξεύμασι
1071 1652 1107 1714 δὲ
1123 1647 1178 1712 καί
1193 1646 1384 1727 ἀκοντίσμα-

303 1774 355 1815 σιν
378 1745 668 1835 ἀκροβολιζόμενοι,
708 1748 876 1833 ἐπειρῶντο
901 1753 1023 1834 σφῆλαι
1047 1745 1122 1824 τοός
1151 1746 1383 1833 πρωτοστάτας,

303 1848 359 1913 καί
375 1844 547 1934 διαρρῆξαι
570 1841 627 1930 τὴν
649 1844 806 1911 πόκνωοιν
829 1848 889 1910 τοό
907 1846 1061 1929 μετώπου.
1091 1840 1159 1910 ἀλλ’
1185 1846 1296 1908 ἐκεῖνον
1316 1850 1425 1917 ταῖςι5

304 1942 434 2011 ἀσπίσιν
449 1939 564 2030 ἀριστα
582 1946 878 2031 περιπεφραγμένοι,
899 1945 1026 2010 ἵσταντο
1043 1938 1216 2029 άστεμφεῖς
1240 1942 1295 2033 καί
1311 1938 1387 2006 ἀδό-

303 2070 405 2129 νητοι,
435 2039 578 2126 οόδαμοῦ
602 2041 638 2107 τό
665 2044 795 2127 συνεχὲς
814 2046 870 2129 τῆς
893 2045 1010 2123 τάξεως
1034 2045 1232 2123 διασπῶντες,
1252 2040 1322 2105 ἐπεί
1334 2037 1389 2103 καί

306 2138 385 2229 όλης
402 2140 485 2219 τινός
506 2146 617 2217 λασίοις
642 2141 851 2229 κυρήσαντες,
881 2137 985 2228 ὥσπερ
1007 2140 1144 2229 ἐρόματι
1166 2151 1231 2217 τοῖς
1248 2140 1387 2222 δένδροις

220 2266 246 2318 Ρ,
265 2243 449 2328 3ῖιέχρτόντο.
470 2234 531 2327 ἤδη
552 2243 587 2307 δὲ
610 2244 747 2317 καὶτοῖς
772 2234 908 2325 ἀγγωσιν
928 2242 1085 2323 ἦμάνοντο
1109 2238 1284 2325 βάλλοντες·
1305 2231 1388 2316 οὕτω

307 2340 366 2427 γάρ
386 2336 494 2416 αότοῖς
518 2342 559 2405 cd
575 2338 732 2426 ἐπιχτόρια
750 2337 869 2425 δόρατα
882 2339 1113 2421 ἐπωνόμασται.
1388 2366 1431 2407 ao

391 2439 446 2524 κρί.
484 2436 543 2516 Ὣς
562 2442 598 2504 δὲ
615 2440 708 2505 οάδὲν
727 2440 954 2525 ἐπημαίνοντο,
987 2438 1241 2525 διαλογισάμενος
1267 2430 1388 2502 ἅπαντα

309 2539 329 2602 ό
351 2540 495 2624 Ναρσῆς,
517 2539 712 2624 βαρβαρικήν
728 2563 800 2603 τινα
819 2537 1009 2625 στρατηγίαν
1025 2537 1209 2620 καὶμᾶλλον
1225 2545 1289 2614 τοῖς
1306 2527 1390 2599 oiv-

309 2660 374 2713 νοις
394 2637 640 2722 μεμελετημένην
661 2639 848 2721 ἐμηχανᾶτο.
870 2641 992 2702 ἐκέλευε
1012 2634 1073 2722 γάρ
1097 2636 1174 2711 τοός
1196 2636 1277 2721 ἀμφ’
1292 2628 1390 2697 αότόν

383 2769 652 2842 ιπγιεπτιιδευμένου
670 2774 699 2824 Η.
718 2771 784 2860 (cl.)
803 2771 886 2842 Lugd.
906 2791 931 2830 α,
947 2790 993 2838 m.‚
1010 2771 1236 2844 πεπαιδευμένος
1256 2769 1333 2822 edd,
1363 2770 1389 2836 4.

329 2859 330 2864 ’
379 2837 408 2896 ἐς
425 2845 609 2908 τριακοσίους
624 2845 663 2906 R„
681 2843 709 2900 ἐς
729 2859 794 2900 τους
810 2843 938 2912 τριποδς.
990 2845 1015 2895 6.
1035 2843 1195 2914 ἐμέμνηντο
1213 2843 1260 2894 Sic
1276 2840 1389 2911 correxi.

379 2907 525 2980 ἐγίγνοντο
536 2914 565 2966 a.
575 2915 678 2983 etvulg.
717 2915 1143 2985 ι6.περιπεφρ.λὶ.,πεφρ.ταλς.
1182 2911 1390 2984 τφᾶγκωστνΒ,

311 3029 403 3082 iussit:
424 3032 474 3101 qui
491 3033 602 3103 quidem
620 3035 650 3083 in
671 3050 754 3103 equos
773 3034 926 3085 insilientes
944 3033 1035 3104 (erant
1047 3050 1110 3085 vero
1123 3035 1174 3084 viri
1185 3031 1311 3102 trecenti)
1330 3045 1392 3080 eum

311 3103 406 3164 secuti,
433 3109 505 3152 reeta
528 3104 557 3167 in
582 3103 688 3156 hostem'
712 3105 920 3155 contenderunt„
963 3105 1033 3155 Turn
1056 3104 1085 3155 bi
1109 3121 1155 3155 eos
1173 3104 1306 3153 irruentes
1326 3117 1392 3150 con·

309 3171 421 3238 spicati,
439 3189 495 3223 non
515 3173 570 3223 iam
586 3175 708 3240 palantes
724 3175 837 3242 sparsim
846 3174 1025 3244 vagabantur,
1043 3190 1133 3244 neque
1149 3173 1264 3224 arbitror
1277 3169 1394 3239 praedae

309 3256 441 3292 memores
453 3250 537 3305 erunt,
556 3242 603 3294 sed
621 3247 744 3311 protinus
761 3261 820 3296 sese
837 3246 943 3316 equites
962 3245 1068 3312 pedites
1087 3261 1123 3294 ue
1142 3247 1349 3312 congregarunt,
1366 3247 1394 3290 et

230 3348 238 3360 s
311 3310 342 3360 in
359 3327 442 3361 unum
456 3329 550 3382 agmen
568 3322 792 3382 composuerunt3
820 3333 875 3366 non
897 3313 1008 3384 quidem
1024 3263 1094 3364 indi
1115 3313 1227 3365 deneum
1243 3312 1303 3380 (qui
1319 3311 1395 3361 enim

313 3379 371 3430 iieri
385 3388 501 3447 poterat,
520 3400 579 3433 cum
595 3401 650 3435 non
670 3384 815 3436 admodum
833 3385 913 3437 multi
925 3402 957 3436 eo
974 3383 1141 3454 venissenti)
1160 3383 1279 3434 validum
1294 3388 1394 3441 tamen,

312 3466 373 3500 cum
389 3458 505 3502 scutatos
524 3454 598 3504 inter
615 3471 643 3504 se
659 3463 796 3506 consertos
814 3456 938 3524 equitum
953 3455 1012 3506 alae
1027 3455 1173 3523 cingerent.
1208 3451 1393 3503 Romanirero

313 3521 439 3570 eum'iam
455 3521 526 3572 intra
543 3522 592 3573 teli
610 3524 712 3576 iactum
728 3526 930 3593 pervenissent,
956 3541 1051 3576 manus
1076 3523 1186 3593 quidem
1205 3537 1345 3574 conserere
1367 3528 1395 3570 et

314 3589 458 3658 confligere
477 3608 537 3642 cum
557 3590 682 3644 hostibus
697 3595 829 3646 instructa
846 3594 904 3660 acie
924 3594 1057 3646 stantibus
1075 3609 1248 3663 nequaquam
1266 3590 1396 3656 expedire

315 3659 477 3714 censebant:
505 3663 609 3730 sagittis
628 3679 692 3714 vero
719 3671 747 3714 et
770 3664 866 3714 iaculis
886 3664 1029 3716 velitantes
1047 3666 1161 3732 primam
1181 3664 1267 3713 aciem
1289 3660 1396 3710 labefa-

313 3735 385 3778 ctare
403 3731 555 3801 frontisque
575 3731 736 3784 densitatem
752 3732 906 3802 diffringere
930 3735 1104 3786 conabantur.
1140 3732 1176 3785 Ae
1189 3733 1232 3783 illi
1252 3747 1311 3782 cum
1325 3731 1398 3780 inter

314 3811 343 3846 se
360 3801 440 3850 scutis
456 3804 559 3870 optime
578 3810 668 3854 essent
688 3804 847 3870 constipati,
865 3804 936 3853 firmi
953 3806 1114 3874 immotique
1129 3804 1246 3865 stabant,
1266 3801 1398 3869 nullaque

316 3881 350 3916 ex
362 3877 438 3932 parte
454 3874 522 3924 aciei
538 3872 695 3924 continuum
712 3873 920 3938 convellebant3
944 3873 1079 3944 siquidem
1097 3882 1126 3925 et
1138 3873 1248 3925 densam
1263 3869 1400 3940 quandam

315 3934 409 3985 silvam
426 3945 516 4004 nacti,
547 3941 687 3994 arboribus
705 3951 737 3994 ut
753 3943 824 3995 vallo
844 3943 999 3996 utebantur.
1036 3945 1093 3996 Iam
1106 3962 1170 3995 vero
1186 3944 1267 3996 etiam
1281 3940 1399 3993 telorum

315 4007 388 4057 iactu
405 4023 434 4058 se
450 4011 606 4074 tuebantur,
625 4030 694 4082 quae
712 4014 800 4080 patria
817 4013 937 4082 ipsorum
953 4015 1046 4083 lingua
1065 4031 1182 4082 angones
1199 4019 1338 4065 vocantur.

322 4101 323 4105 ¹
387 4093 429 4128 aa.
466 4079 533 4131 Cum
558 4082 650 4155 itaque
674 4083 747 4136 nihil
768 4083 858 4136 damni
886 4086 1053 4154 acciperent,
1077 4083 1173 4146 Narses
1192 4082 1284 4137 omnia
1308 4096 1400 4132 seeum

317 4153 462 4216 reputans,
492 4147 636 4202 barbarum
663 4153 800 4222 quoddam
817 4154 978 4224 'stratagema
996 4160 1024 4205 et
1041 4153 1148 4205 Hunnis
1169 4152 1254 4222 magis
1270 4151 1400 4202 usitatum

147 4219 152 4240 ¹
233 4287 239 4297 l
318 4218 487 4290 excogitavit.
523 4219 605 4274 Iussit
631 4224 704 4276 euim
726 4243 787 4280 suos
809 4235 883 4296 terga
907 4231 1043 4285 vertentes
1069 4232 1214 4297 retrorsum
1237 4220 1399 4276 concitatius
