3109 4950
348 266 426 377 174
786 292 1011 358 ,auarum

203 450 328 507 miii
427 448 474 522 ις’.
522 448 626 511 Tacita
664 444 702 529 δὴ
728 445 758 507 οἱ
790 445 986 528 Μισιμιανοέ
1012 443 1071 511 εἴτε
1101 447 1253 530 γνόντες,
1286 448 1361 516 εἴτε»
1377 453 1427 518 καί

234 522 287 575 Η·
298 541 333 593 ²9
341 543 612 631 ὑποτοπήσαντες,
641 548 824 609 στέλλουσιν
844 540 962 632 ἄνδρας
988 544 1046 610 dio
1069 550 1133 611 τῶν
1152 546 1238 633 παρά
1258 552 1351 635 σφισι
1375 558 1427 616 λο-

308 643 310 653 '
341 644 451 729 γέμων,
473 643 584 709 Χάδον
602 636 700 725 ὄνομα
717 641 773 708 καὶ
787 641 930 729 Θοάνην.
952 643 981 709 oi
1000 648 1035 708 δέ
1052 643 1198 730 εόρόντες
1213 641 1312 714 αὗτδν
1328 651 1426 732 άχχοῦ

340 769 402 809 που
425 742 545 807 ἐκείνου
566 738 605 827 δὴ
623 744 678 807 τοῦ
697 741 854 828 δράματος
872 743 1128 826 ένααλιζόμενον,
1149 748 1205 809 καί
1217 749 1312 813 πλέον
1328 746 1426 833 έςτὴν

342 841 469 929 δόκησιν
488 836 756 927 ἐπιρρωσθέντες,
776 844 870 923 ,,άλλ’
888 838 926 907 osi
938 845 1045 908 δίκαια
1069 845 1198 929 δράσειν
1212 846 1320 929 ἡμάς”
1346 845 1445 933 ipo-5

340 967 401 1008 σαν
420 932 470 1023 „oi
486 944 648 1027 στρατηγέ,
671 940 846 1027 διενοὴθης·
866 941 930 1029 χρὴ
944 941 1006 1029 γάρ
1028 967 1064 1008 σε
1076 945 1159 1028 μηδὲ
1177 935 1261 1032 disp
1278 970 1323 1033 τερ
1339 948 1426 1032 ἐφιέ-

335 1030 394 1107 ’ναι
408 1038 446 1105 τά
466 1038 601 1126 ἡμέτερα
617 1044 862 1129 παραιρουμέντρ
871 1093 881 1123 ,
901 1042 979 1126 μὴτι
1000 1046 1106 1127 γεκαὶ
1124 1038 1221 1108 αότόν
1237 1038 1337 1119 οότοος
1355 1047 1427 1109 ἐθέ-

340 1148 415 1205 λειν.
443 1140 475 1205 εἰ
491 1138 527 1203 δέ
541 1162 576 1203 σε
596 1138 640 1213 τός
655 1135 783 1225 άληθῶς
796 1138 839 1225 μὴ
857 1142 955 1205 ταῦτα
967 1140 1103 1227 άρέοκει,
1122 1134 1176 1225 άχε
1197 1136 1283 1218 όπως
1300 1144 1426 1208 ἐνθένδε

315 1237 387 1313 θοός
400 1236 536 1320 τάχιστα
553 1235 712 1323 μεταβὰς,
733 1240 767 1303 έν
792 1236 889 1327 ἑτέρῳ
911 1240 1154 1325 άποδιατράμεις
1173 1240 1299 1328 χωρίῳ,
1320 1244 1377 1305 καί
1389 1264 1426 1305 σε

339 1333 380 1401 τά
400 1334 560 1421 ἐπιτήδεια
586 1332 700 1422 ἡκιστα
727 1339 962 1421 ε’πιλεάμοασιν,
991 1339 1060 1403 ἀλλ’
1076 1336 1168 1423 ἡμεῖς
1187 1337 1312 1405 άπαντα
1339 1339 1466 1413 oiim-ro
1544 1343 1546 1356 ²

339 1460 415 1518 μεν.
438 1438 580 1501 ἐνταῦθα
607 1434 667 1521 γάρ
688 1460 738 1501 σοι
763 1430 800 1500 οὗ
817 1440 948 1518 μενετέα
972 1429 1294 1519 παντάπασιν,-οδδὲ
1318 1434 1426 1516 ἀνεξό-

337 1534 424 1619 μεθά
440 1558 498 1600 σοο
518 1538 684 1616 μέλλοντος
701 1536 733 1611 ἐς
746 1534 820 1599 τόδε
835 1534 891 1599 καὶ
903 1539 1148 1620 σκηπτομένοο.”
1168 1532 1253 1601 siro
1269 1540 1305 1603 δέ
1319 1539 1426 1603 αόττόν

341 1631 645 1716 αάδαδιαζομένων,
679 1630 736 1699 οὖν
764 1634 878 1699 άνεκτά
906 1635 1103 1720 ἡγησάμενος
1127 1635 1147 1701 ό
1168 1636 1367 1722 Σωτήριχος,
1397 1638 1427 1703 εἰ

339 1742 404 1809 τοῖς
417 1736 480 1798 τῶν
501 1730 640 1815 Κόλχων
653 1729 816 1817 κατηκόοις
831 1736 913 1819 ἔξείη
926 1731 1005 1799 κατά
1020 1731 1193 1816 Ῥωμαίων
1206 1736 1427 1822 θρασύνεσθαι

339 1836 402 1897 τῶν
417 1828 476 1919 ὕφ’
494 1828 549 1907 οὓς
566 1830 598 1896 οἱ
621 1829 744 1919 Κόλχοι
769 1831 961 1915 τετάχαται,
989 1833 1235 1920 παρακελεύεται
1254 1844 1321 1910 τοῖς
1347 1828 1466 1905 ὄπα-ιδ
1544 1835 1545 1912 ξ

339 1936 406 2009 δοίς
416 1935 522 1997 παίειν
538 1927 656 2007 ου’τοδς
671 1926 724 2008 αἷς
739 1934 929 2018 ἐπεφέροντο
942 1935 1137 2017 βακτηρίαις.
1159 1932 1190 1997 οἱ
1208 1935 1245 1998 δέ
1257 1933 1425 2000 καθάιοντσ

338 2032 444 2097 adesir
462 2026 620 2118 ἀφειδῶς,
642 2029 698 2095 καδ
714 2031 747 2107 ές
769 2026 909 2096 τοδπίσω
928 2029 1107 2115 ἡμιθνῆτας
1130 2034 1333 2114 ἀπέπεμψαν.
1351 2032 1426 2097 τοά-

337 2154 393 2195 τοο
424 2132 473 2193 δὲ·
492 2134 712 2215 γεγενημένον,
742 2126 925 2215 Σωτήριχος
945 2132 1005 2213 μέν
1028 2122 1106 2218 ᾤετο
1126 2133 1227 2216 μηδέν
1255 2132 1427 2196 α’ντάταλον
1463 2204 1466 2208 Δ
1544 2201 1545 2208 η

336 2225 486 2325 Ιἔσεσθαι,
518 2223 588 2293 ἀλλ’
613 2224 717 2315 ὥσπερ
750 2224 862 2310 άμέλει
892 2232 1019 2307 οἰκέτας
1050 2230 1182 2305 staretur
1203 2227 1426 2315 ἡμαρτηκότας
1544 2263 1545 2322 ρ

336 2326 635 2414 διαχειρισάμενος,
662 2331 717 2392 καί
740 2328 834 2392 οὐδέν
858 2326 968 2393 ότιοδν
992 2328 1182 2414 εὐλαβητέον
1204 2324 1305 2416 crispi,
1334 2326 1469 2411 έμενέαο
1544 2325 1546 2390 i

323 2423 367 2492 vie
381 2425 460 2494 κατά
476 2426 595 2514 χώραν,
618 2425 673 2492 καί
688 2422 766 2508 εἶτα,
789 2426 901 2504 νοκτδς
916 2428 1145 2514 ἐπιγενομένης,
1165 2426 1318 2493 ἐκάθευδε
1345 2428 1426 2514 σφό-

303 2528 407 2614 Dipo
427 2522 527 2602 άδεοῖς
546 2527 601 2590 καί
623 2519 820 2612 άφολάκτως·
843 2521 928 2592 ositos
956 2529 991 2592 δὲ
1010 2530 1044 2592 οἵ
1055 2552 1090 2592 τε
1107 2529 1218 2602 παῖδες
1242 2525 1298 2595 καί
1317 2525 1347 2591 οἱ
1369 2530 1426 2590 δο-

402 2673 427 2790 pp
446 2668 635 2740 αδλιζόμενον
653 2669 681 2721 R.
769 2673 792 2724 5.
815 2669 894 2722 δίκαι
915 2669 1021 2739 δράσαι
1038 2674 1067 2721 R.
1156 2689 1179 2738 7.
1199 2668 1273 2724 οὕτω
1286 2673 1315 2722 R.
1396 2691 1424 2740 9.

345 2801 347 2808 η
423 2739 623 2813 ποδιατρίψεις
640 2744 679 2804 R„
696 2739 908 2814 εἰποδιατρίψῃς
926 2743 997 2810 vulg.
1055 2761 1092 2794 ro.
1111 2741 1262 2808 λείψουσιν
1279 2743 1308 2792 R.
1383 2744 1425 2808 τίη.

1544 2852 1546 2913 λ

403 2807 475 2873 ἐξείη
494 2811 542 2873 R„
562 2811 636 2874 ἐξὴει
656 2812 726 2880 vulg.
785 2830 823 2880 ¹7·
840 2813 889 2863 Pro
908 2814 957 2862 καλ
976 2814 1003 2862 R.
1024 2804 1081 2868 οὓς.
1121 2814 1158 2864 18.
1176 2809 1245 2880 ᾤετο
1262 2808 1352 2884 μηδὲν
1370 2811 1425 2866 άν-

405 2879 527 2935 τίπαλον
545 2883 573 2933 R.
583 2920 590 2946 ‚
613 2879 699 2935 οὐδὲν
716 2879 778 2936 utar.
795 2881 865 2952 ῳέτο
884 2883 953 2952 vulg.

342 3021 347 3029 ’
369 3061 373 3074 .
411 3023 449 3074 ιδ.
472 3017 546 3070 Haec
569 3035 630 3070 cum
649 3017 799 3070 Misimiani
824 3020 880 3070 sive
903 3019 1094 3087 cognovissent
1107 3018 1426 3087 sivesuspicatiessent‚

334 3089 402 3142 duos
418 3107 451 3142 ex
470 3091 526 3141 auis
539 3089 749 3160 insignesuiros‚
763 3088 886 3141 Chadum
897 3089 1008 3140 nominc
1022 3096 1051 3140 et
1062 3086 1214 3151 Thoonem,
1232 3091 1355 3151 mittunt,
1373 3093 1426 3158 qui

336 3178 396 3214 cum
405 3162 494 3230 ipsum
508 3161 673 3228 reperissent
691 3160 766 3210 iuxta
781 3159 851 3211 illud
860 3159 1092 3229 propugnaculum
1106 3159 1249 3209 stationem
1264 3158 1427 3222 habentem,

333 3232 490 3301 suspicione
501 3231 619 3282 validius
628 3230 804 3282 confirmata:
824 3230 957 3290 „Iniuria,
980 3228 1156 3298 inquiebant,
1173 3245 1223 3280 nos
1249 3227 1353 3279 afficere
1374 3246 1424 3280 oo-

333 3302 417 3370 gitas,
436 3301 583 3368 praefecte.
621 3300 737 3368 Oportet
755 3302 828 3351 enim
844 3309 872 3351 te
890 3315 982 3368 neque
1005 3299 1085 3350 alteri
1108 3299 1236 3366 cuiquam
1253 3298 1425 3367 permittere,

333 3379 366 3422 ut
385 3379 478 3422 nostra
498 3369 578 3422 nobis
596 3369 736 3433 adimant,
755 3371 857 3421 nedum
876 3370 966 3438 ipsum
984 3367 1037 3419 boc
1050 3368 1128 3418 velle.
1165 3368 1195 3418 Si
1212 3385 1276 3419 vero
1296 3367 1349 3419 hoc
1367 3370 1426 3419 tibi
1444 3417 1449 3422 .

333 3443 505 3525 propositum
528 3459 585 3492 non
604 3448 663 3503 est,
687 3439 731 3491 fac
749 3457 798 3510 age
817 3449 849 3490 ut
867 3456 947 3559 quam
968 3438 1099 3491 citissime
1120 3437 1186 3488 hinc
1203 3436 1345 3490 discedens
1364 3440 1424 3489 alio

333 3529 364 3564 m
382 3514 443 3563 loco
466 3513 645 3562 commoreris.
672 3510 769 3579 Neque
793 3509 847 3562 tibi
890 3511 998 3560 efutnra
1023 3515 1088 3559 sunt
1109 3509 1278 3571 necessaria,
1303 3507 1352 3559 sed
1371 3525 1428 3559 nos

333 3584 425 3634 omnia
444 3581 604 3633 deseremus.
642 3579 694 3631 Hic
716 3581 790 3631 enim
809 3579 886 3630 nullo
910 3577 991 3629 modo
1016 3578 1070 3628 tibi
1095 3585 1136 3629 est
1164 3577 1344 3641 manendum,
1370 3595 1427 3629 ne-

333 3669 388 3724 que
411 3653 528 3704 feremus
542 3657 570 3701 te
590 3649 636 3700 hic
653 3665 740 3700 moras
765 3646 919 3700 trahentem
942 3656 970 3700 et
993 3649 1242 3716 tergiversantem.“
1267 3647 1337 3716 Ipsis
1354 3663 1425 3700 vero

332 3722 371 3773 ita
391 3722 541 3790 procaciter
559 3718 753 3788 loquentibus,
774 3717 930 3770 Sotericbus
948 3734 1122 3788 nequequam
1143 3716 1316 3769 tolerandum
1335 3723 1426 3780 ratus,

332 3793 357 3842 si
374 3790 537 3844 Colchorum
555 3789 672 3841 subditis
694 3790 733 3840 ita
759 3785 885 3839 adversus
904 3791 1045 3850 Romanos,
1064 3787 1164 3858 quibus
1190 3796 1297 3856 parent,
1323 3788 1427 3838 liceret

331 3861 455 3925 ferocire,
475 3859 652 3930 stipatoribus
668 3859 724 3910 suis
741 3855 852 3908 mandat
867 3865 900 3910 ut
918 3857 1032 3920 baculis,
1049 3873 1118 3927 quos
1131 3857 1282 3926 gestabant,
1296 3874 1342 3909 eos
1355 3873 1425 3908 cae-

331 3927 438 3988 ilcrent.
466 3930 524 3999 Qui
543 3930 672 3981 atrociter
690 3930 719 3979 in
737 3930 811 3997 ipsos
830 3929 949 3991 invecti,
976 3929 1124 3980 semineces
1142 3928 1312 3979 remiserunt„
1348 3926 1429 3996 Qui-

331 3999 383 4050 bus
403 4003 534 4067 peractis,
559 3997 715 4052 Soterichus
734 3996 845 4070 quidem
868 3999 940 4050 nibil
966 3996 1067 4051 hostile
1093 4005 1252 4050 eventurum
1277 4006 1366 4058 ratus,
1393 4005 1427 4050 ct

322 4067 446 4140 *perinde
461 4070 518 4121 fere
535 4087 566 4121 sc
581 4071 604 4121 si
615 4085 705 4122 servos
721 4086 784 4121 suos
800 4068 992 4139 delinquentes
1005 4069 1091 4140 plagis
1102 4069 1262 4189 accipisset,
1270 4067 1343 4119 nibil
1353 4065 1428 4118 inde

331 4138 385 4192 sibi
402 4139 550 4192 verendum
569 4141 745 4200 existimans,
774 4140 880 4192 coloci
899 4140 1012 4205 mansit3
1036 4146 1065 4190 et
1092 4137 1192 4190 deine
1219 4137 1317 4189 oborta
1337 4143 1429 4188 noae

329 4209 410 4264 valde
429 4207 570 4280 intrepide
587 4209 691 4279 absque
709 4209 774 4264 ullis
793 4209 916 4265 excubiis
935 4210 978 4263 ibi
997 4207 1143 4265 dormivit:
1164 4207 1292 4262 similiter
1310 4221 1376 4260 vcro
1395 4213 1432 4261 et
