3109 4950
341 289 391 390 ιδ
740 314 950 382 antuman
1012 416 1014 419 ι

334 491 399 553 τωρ
423 463 503 550 πρὸς
517 469 574 530 τοῦ
589 471 741 548 βασιλέως
753 473 962 555 γεγενημένος,
981 474 1056 548 τούς
1074 495 1108 536 τε
1122 472 1260 548 κλεινοδς
1276 474 1414 551 ἐκείνους

332 569 496 646 πολέμους,
517 565 550 629 oi
560 564 600 650 δὴ
619 561 704 656 αὐτῷ
717 566 796 654 πρὸς
808 568 949 634 Talarius
965 561 1079 656 ἄριστα
1092 569 1340 656 termimum·
1364 566 1412 636 ὅτι

315 689 367 729 ·τε
385 659 480 740 αὖθις
495 670 563 744 μετ’
576 667 691 731 ἐκεῖνον
712 671 804 743 Τείως
823 667 841 731 δ
858 670 1066 754 Φρεδιγέρνου
1092 666 1149 754 τὴν
1164 673 1196 734 Γ
1194 672 1321 753 οτδικὴν
1339 671 1411 756 ἦγε-

331 764 442 846 μονίαν
456 764 690 844 διαδεξάμενος,
713 764 769 830 οὐκ
779 770 812 842 ές
827 765 954 852 μακρὰν
970 770 1026 832 καί
1043 766 1139 842 αὐτὸς
1163 763 1312 855 ἀνῃρέθη.
1332 771 1411 832 ταῦ-

330 888 370 926 τα
396 863 430 926 δέ
450 857 553 925 πάντα
579 865 612 935 ές
629 865 715 928 ἕκτον
732 888 765 931 τε
789 869 844 930 καί
867 864 1006 930 εἰκοστὸν
1024 863 1102 942 ἔτος
1114 869 1169 950 τῆς
1184 860 1429 940 Ἰουστινιανοῦὸ
1495 888 1498 893 ⁴

332 961 494 1042 βασιλείας
508 962 701 1044 γεγένηνται,
723 966 778 1029 καί
793 968 965 1054 Προκονιίιρ
985 967 1046 1046 μὲν
1061 967 1104 1053 τῷ
1124 963 1235 1050 ῥήτορι
1257 967 1291 1028 έν
1305 966 1410 1029 τοῖσδε

305 1054 422 1139 Βοῖμαι
451 1057 536 1145 αὐτῷ
563 1055 602 1122 τα
627 1063 683 1144 τῆς
710 1066 890 1148 ξυγγραφῆς
923 1061 1090 1148 διήνυσται
1118 1063 1173 1127 καί
1196 1065 1410 1147 ξυνετελέσδρ·

329 1155 390 1240 e'yoi
409 1159 444 1221 δὲ
462 1159 495 1232 ἐς
513 1155 554 1222 τοὶ
577 1157 713 1243 ἐχόμενα
740 1160 877 1244 τούτων,
898 1164 952 1250 ἐφ’
971 1158 1051 1249 ἅπερ
1069 1164 1125 1228 καί
1139 1161 1197 1246 τὴν
1222 1161 1327 1248 ἀρχὴν
1345 1161 1409 1247 ὥρ-

306 1255 437 1339 ’μὴθην
463 1258 563 1336 ἰέναι,
591 1260 646 1322 καί
674 1256 714 1346 δὴ
739 1264 915 1327 ἐπὶτοῦτο
939 1258 1021 1344 εἶμι,
1054 1261 1110 1328 καί
1137 1260 1176 1347 δὴ
1210 1261 1326 1344 ἔχομαι
1344 1264 1407 1326 τῶν

275 1448 276 1452 ¹
328 1352 528 1463 πραγμάτων.
962 1413 965 1416 .
1409 1387 1447 1431 10

108 1523 110 1529 Α
183 1537 213 1590 Δ·
232 1538 262 1590 C·
280 1537 334 1593 5⁵²
372 1521 400 1584 ά·
429 1454 579 1609 Eaerir}
595 1523 720 1602 Τὲΐαςὸ
736 1524 816 1608 μετα
838 1527 976 1604 Τώτιλαν
990 1528 1052 1591 τῶν
1066 1530 1098 1591 Γ
1096 1525 1199 1590 α’τδων
1215 1521 1404 1609 ἦγεμοδνκα-

218 1607 276 1729 Ῑ]Ῑ)
294 1612 454 1734 fficium,
477 1613 747 1706 dissoluturus
767 1625 827 1700 τὰς.
843 1625 993 1707 δυνάμεις
1007 1625 1061 1689 καί
1075 1623 1227 1706 πόλεμον,
1251 1619 1406 1704 τανσυδεί

261 1747 292 1799 ν,
308 1745 448 1818 9ιτροςτε
463 1725 596 1808 Ναρσῆν
607 1721 662 1786 καί
673 1723 856 1805 Ῥωμαίους
871 1724 1125 1810 παραταξάμενος
1141 1721 1266 1807 ἡσσήθη
1280 1746 1314 1785 τε
1323 1718 1404 1785 κατὰ

261 1903 263 1906 ¹
324 1820 438 1904 κράτος
457 1823 512 1884 καί
535 1817 633 1886 αὐτοῦ
649 1825 794 1903 πολεμῶν
810 1825 979 1913 διεφθάρη,
1001 1826 1035 1887 οἵ
1048 1847 1081 1888 τε
1098 1826 1320 1908 περισωθέντες
1338 1823 1402 1885 ταῖν

306 1915 477 2001 ,Γότθων,
498 1921 681 2002 ἐγκειμένων
698 1921 792 2006 σφίσι
804 1921 974 2002 Ῥωμαίων
989 1923 1044 1986 καί
1066 1916 1123 1985 οὖν
1145 1921 1295 1984 ἀνιέντων
1305 1972 1315 2002 ,
1334 1928 1447 1994 νινε-15
1521 1928 1524 1932 ’

324 2014 449 2097 ζόμενοι
468 2026 537 2094 ταῖς
563 2042 595 2082 τε
619 2019 805 2104 ἐπιδρομαῖς
834 2023 889 2084 καί
918 2014 966 2091 ὅτι
985 2021 1019 2084 έν
1047 2018 1141 2107 χώριρ
1162 2012 1286 2107 ἆνέδριρ
1313 2018 1402 2100 aty-

242 2158 247 2168 ,
320 2139 423 2197 χανον·
442 2118 686 2200 ξυνειλεγμένοι,
709 2117 846 2195 σπονδὰς
872 2123 1014 2184 τίθενται
1037 2116 1117 2203 πρὸς
1138 2119 1285 2203 Ναρσῆν,
1306 2106 1401 2204 έρίῷ

321 2210 380 2297 τήν
402 2217 461 2296 μέν
478 2214 596 2280 οἰκείαν
613 2211 712 2294 ἀδεῶς
732 2221 870 2299 νέμοιντο
888 2220 1017 2302 χώραν,
1033 2221 1166 2298 Ιβασιλεῖ
1178 2218 1212 2280 δὲ
1232 2220 1293 2280 τῶν
1314 2213 1425 2278 ‘Pas

320 2313 424 2391 μαίων
443 2312 585 2400 κατήκοοι
602 2314 744 2380 τολοινιὸν
767 2306 853 2392 ὄντες
877 2319 1052 2378 διατελοῖεν·
1073 2312 1181 2399 ἐπειδὴ
1206 2317 1306 2378 ταῦτα
1325 2315 1400 2399 τῇδε

290 2409 451 2499 Βέχοέρει,
478 2411 580 2479 ἐδόκει
593 2416 654 2497 μὲν
670 2411 770 2478 ἅπασι
791 2417 888 2499 πέρας
904 2411 988 2495 ἔχειν
1004 2410 1045 2476 τοὶ
1060 2414 1125 2476 τῶν
1151 2413 1185 2477 έν
1197 2413 1319 2501 Ἰταλίᾳ
1341 2435 1441 2486 rso-20

392 2536 412 2567 ι.
429 2514 496 2573 τούς
507 2532 536 2567 τε
548 2520 576 2567 R.
585 2516 681 2585 Lngd„
698 2505 766 2573 τοδς
777 2515 808 2567 tl
821 2516 882 2567 edd.
953 2534 978 2569 n.
992 2515 1134 2569 Trinitas
1146 2519 1176 2571 u.
1191 2519 1269 2569 etsie
1284 2518 1398 2588 ubique.

333 2652 335 2655 Ι
385 2590 410 2639 6.
425 2588 573 2655 γεγένηται
590 2588 645 2637 Par.
720 2604 758 2638 τε.
776 2584 1020 2657 ἀνακαλεσάμενος
1032 2581 1082 2643 τὰς
1100 2586 1194 2639 addidi
1212 2604 1245 2638 ex
1260 2590 1299 2649 lt,
1312 2589 1397 2657 lntpr.

387 2660 419 2710 in
437 2674 520 2707 ιινιιιοι
537 2658 593 2707 iam
609 2659 761 2709 contractis
778 2656 950 2710 exercitibus.
986 2656 1087 2707 Verum
1104 2663 1168 2709 ante
1187 2656 1314 2731 πόλεμον
1333 2659 1400 2711 arti·

385 2728 479 2779 culum
497 2724 633 2780 desidero.
685 2725 813 2778 πανσυδὶ
825 2728 855 2779 R.
928 2727 967 2779 18.
980 2723 1012 2779 δὲ
1026 2726 1087 2779 adt
1098 2729 1127 2779 R.
1138 2727 1210 2799 (ct)
1284 2730 1397 2797 spion-

385 2794 445 2851 υτδν
456 2798 484 2845 li.
556 2813 598 2853 so.
613 2796 664 2846 τοῦ
679 2825 711 2835 -
726 2798 862 2868 πολέμων
875 2798 925 2848 Par

318 2902 423 2945 rursum
435 2881 555 2935 moribus
573 2880 734 2953 legibusque
752 2884 836 2936 fuerit
853 2882 989 2941 decorata.
1024 2882 1091 2935 Inde
1108 2882 1190 2934 etiam
1206 2884 1330 2951 cognosci
1345 2900 1397 2951 po-

317 2967 380 3021 test,
399 2972 452 3027 quo
469 2960 547 3021 pacto
562 2953 657 3006 Narses
674 2954 820 3005 Eunuchus
834 2954 864 3004 in
881 2955 986 3006 Italiam
1003 2954 1040 3003 sit
1053 2955 1167 3015 missus,
1183 2962 1292 3019 praetor
1305 2956 1395 3021 impe·

317 3040 445 3097 ratorque
458 3042 474 3074 a
489 3040 551 3092 rege
568 3024 747 3091 constitutus;
767 3025 885 3075 illustria
904 3025 985 3075 etiam
1001 3022 1090 3085 helia,
1114 3039 1184 3093 quae
1203 3024 1251 3074 ille
1267 3022 1395 3075 adversus

317 3100 436 3155 Totilarn
453 3096 588 3163 praeclare
610 3093 739 3146 confecit:
771 3103 856 3163 utque
874 3112 979 3158 rursum
1000 3100 1063 3161 post
1085 3093 1164 3143 illum
1186 3094 1266 3144 Teias
1294 3092 1395 3144 Fredi-

317 3172 393 3241 gerni
418 3167 506 3225 filius,
534 3163 686 3215 Gothorum
709 3166 881 3233 praefectura
898 3171 1019 3231 accepta,
1046 3180 1102 3213 non
1119 3163 1205 3214 multo
1221 3171 1284 3231 post
1301 3180 1394 3217 caesus

316 3241 409 3294 fucrit.
445 3236 518 3285 llaec
539 3250 603 3285 vero
622 3236 712 3285 omnia
730 3236 764 3286 ad
783 3252 883 3287 annum
902 3251 988 3305 usque
1007 3240 1113 3284 sentum
1134 3241 1163 3283 et
1176 3234 1335 3301 vigesimum
1349 3252 1395 3285 re·

315 3314 360 3381 gni
378 3305 522 3359 iustiniani
540 3298 605 3358 sunt
622 3314 704 3373 gesta.
740 3305 779 3357 Ae
794 3306 937 3373 Procopius
959 3302 1069 3373 quidem
1086 3305 1115 3353 in
1128 3302 1186 3365 his,
1207 3306 1248 3354 uti
1266 3302 1394 3367 arbitror,

314 3384 397 3433 finem
419 3374 548 3425 historiae
576 3392 640 3427 suae
666 3376 738 3427 lacit.
775 3376 830 3445 Ego
848 3391 910 3426 vero
929 3374 972 3425 his
996 3375 1117 3441 proxima
1137 3380 1166 3425 et
1187 3376 1393 3443 consequentia,

314 3461 346 3504 ut
364 3447 444 3502 initio
463 3442 531 3496 mihi
548 3446 719 3515 propositum
735 3447 799 3510 fuit,
817 3461 990 3515 persequens,
1008 3460 1050 3495 res
1067 3444 1137 3511 ipsas
1155 3443 1303 3513 aggredior.

385 3610 406 3645 t.
508 3584 563 3634 cias
578 3583 728 3636 Gothorum
743 3591 806 3653 post
822 3583 942 3634 Totilam
953 3581 1024 3644 (lux,
1049 3581 1205 3633 instauratis
1225 3583 1312 3651 copiis
1328 3600 1391 3636 eum

312 3662 416 3713 bellum
435 3661 499 3715 totis
513 3654 617 3709 viribus
632 3655 738 3706 Narseti
754 3655 934 3726 Romanisque
953 3650 1105 3713 intulisset,
1129 3653 1229 3719 insigni
1250 3654 1327 3705 clade
1344 3672 1391 3705 ac-

313 3736 400 3800 cepta,
417 3734 446 3785 in
460 3731 517 3783 acie
530 3727 665 3795 praelians
682 3726 772 3794 periit
809 3722 894 3774 Gothi
915 3724 963 3791 qui
976 3729 1123 3783 evaserant,
1143 3724 1269 3773 Romanis
1284 3724 1390 3795 absque

312 3802 368 3852 ulla
384 3799 585 3853 intermissione
600 3792 843 3865 persequentibus,
868 3794 953 3861 pressi
972 3790 1086 3842 assiduis
1104 3792 1251 3845 insultibus
1265 3803 1292 3845 et
1305 3796 1388 3846 sicci-

311 3878 368 3923 tate
378 3872 505 3933 locorum,
523 3871 553 3919 in
564 3884 634 3937 quae
645 3884 672 3920 se
687 3871 852 3933 receperant,
870 3866 943 3929 pacis
955 3861 1123 3913 conditiones
1134 3880 1194 3912 cum
1204 3863 1388 3917 Narseteine-

311 3950 376 4005 τοι,
395 3948 427 4001 ut
439 3942 543 3993 scilicet
557 3956 617 3989 suas
629 3938 672 3989 illi
687 3944 770 3989 terras
786 3932 924 4000 intrepide
935 3932 1070 3995 habitent,
1087 3933 1386 4001 regiqueliomanorum

311 4012 438 4078 deinceps
458 4016 577 4079 pareant
622 4008 695 4059 Haec
712 4024 772 4057 eum
790 4005 830 4055 ita
847 4004 881 4054 iis
903 4006 933 4055 in
952 4004 1022 4056 locis
1041 4003 1197 4066 cessissent,
1220 4005 1386 4058 videbantur

311 4080 438 4133 omnibus
464 4078 537 4129 bella
560 4079 590 4128 in
615 4078 692 4129 Italia
709 4076 792 4127 finem
809 4082 901 4126 nacta:
929 4092 990 4126 cum
1002 4073 1250 4143 potiuspraeludia
1267 4076 1386 4127 aliorum

309 4152 444 4203 bellorum
457 4154 552 4201 essent
589 4147 692 4201 Censeo
709 4148 782 4199 enim
799 4161 892 4195 aevum
907 4144 961 4197 hoc
975 4152 1096 4195 nostrum
1111 4160 1251 4212 nunquam
1270 4162 1286 4195 a
1302 4146 1383 4197 hellis

310 4223 427 4275 liberum
441 4220 576 4279 futurum,
593 4217 674 4278 immo
687 4217 781 4287 potius
793 4223 927 4284 perpetuo
944 4213 1072 4269 duratura
1091 4220 1173 4284 atque
1190 4212 1259 4268 adeo
1279 4215 1384 4271 invali-
