3109 4950
338 294 387 379 18
740 315 950 382 aearuun

204 483 235 539 A,
246 469 394 537 causat
406 470 546 537 στάσεων
566 465 764 553 γονιμώτατα
783 466 883 555 πάθη.
910 462 997 551 ὅμως
1012 471 1088 556 παρ’
1106 466 1234 547 δνεάοις
1255 473 1286 537 ελ
1303 470 1360 535 κατ’
1375 473 1409 547 ’ἔς

233 552 253 602 Ι·
264 553 481 646 ι”6πλείσυας
496 562 573 645 όσας
590 564 693 654 άρχάς
712 568 838 651 τύχοιεν
852 571 1046 656 διῃρημένοι,
1066 562 1159 633 uitta
1178 563 1214 650 ό,
1234 593 1268 633 τι
1288 566 1409 635 τοιόνδε

331 672 533 756 ξυμφὲρεται.
561 668 631 732 ἀλλ’
649 664 737 754 εἴπερ
760 660 824 753 άρα
840 667 898 732 καί
905 692 977 733 τινα
997 667 1063 753 ἔριν
1080 675 1146 743 τοῖς
1161 670 1345 749 βασιλεῦσιν
1356 668 1410 751 oy-
1474 720 1477 724 .

329 769 476 852 γενέσθαι
499 764 718 849 ξυνενεχθεάη,
748 764 999 853 παρατάττονται
1017 768 1077 847 μὲν
1096 760 1233 842 ἅπαντες
1253 764 1298 843 οἷς
1315 773 1409 831 πολε-

303 864 483 949 ρμήσοντες
513 862 657 937 καὶτοῖς
683 856 790 939 ὅπλοις
813 860 1106 949 διακραθησόμενοι,
1137 861 1194 928 καί
1217 858 1283 929 εἶτα
1313 859 1429 946 όμόσεὸ

325 967 497 1049 χωροῦσιν·
523 959 646 1041 ἰδόντες
664 964 699 1026 δὲ
716 961 871 1046 ἀλλήλους
887 958 1083 1049 ἑκατέρωθεν
1097 958 1117 1047 ἦ
1132 960 1271 1047 πληθός,
1292 950 1408 1032 αάτάια

326 1058 363 1125 τό
400 1067 591 1144 χαλεπαίνοι
628 1058 837 1143 ἀποβαλόντες
864 1063 898 1138 ἐς
927 1058 1150 1148 ὁμοφροσύνην
1175 1055 1407 1147 μεταχωροθσι,

326 1161 380 1224 καί
397 1156 470 1234 τοάς
496 1154 651 1243 ἡγεμόνας
668 1156 832 1223 κελεύουσι
854 1161 925 1247 δίκη
938 1162 1061 1241 μᾶλλον
1081 1157 1121 1223 τά
1140 1157 1304 1246 ἀμφίβολα
1320 1160 1408 1223 διευ-

326 1254 547 1343 νρινήσασθαι·
577 1258 609 1319 εἶ
626 1257 662 1320 δὲ
678 1252 744 1339 μὴ,
772 1256 892 1337 μόνους
904 1259 1039 1333 ε’κείνονς
1053 1256 1283 1341 ἀγωνίζεσθαι,
1303 1258 1358 1321 ναί
1371 1258 1406 1321 ἐν

324 1354 435 1441 σφίσιν
452 1356 561 1432 αὕτοῖς
585 1355 844 1436 διακινδυνεύειν,
872 1355 916 1432 ὥς
927 1408 929 1413 .
941 1356 1002 1440 οὐχ
1020 1350 1108 1423 ὅσιον
1121 1350 1156 1423 όν
1173 1356 1249 1421 odat
1264 1355 1445 1441 πάτριον,ιο

325 1450 409 1528 ἰδίας
427 1446 532 1518 αὖτοῖν
552 1454 641 1517 ἕνεκα
665 1454 851 1533 δυσμενείαις
869 1451 910 1518 τά
927 1453 1015 1519 κοινά
1030 1457 1245 1539 σημαίνεσθαι
1260 1454 1315 1519 καί
1327 1455 1406 1518 a’uos-⁴
1463 1458 1466 1462 ’

324 1546 511 1638 τετράφθαι·
542 1549 641 1633 εὐθὺς
658 1549 697 1634 δὴ
714 1544 769 1615 οὖν
784 1548 842 1627 τάς
855 1576 889 1617 τε
905 1549 1067 1640 φάλαγγας
1086 1552 1269 1634 διαλάουσι,
1290 1550 1345 1617 καί
1364 1550 1405 1617 τά

326 1647 407 1713 όπλα
422 1649 575 1731 τίθενται,
595 1652 650 1715 καί
664 1648 810 1715 τολοιπόν
824 1653 932 1736 εἰρήνη
948 1646 1046 1728 αὖθις
1063 1651 1119 1716 καί
1140 1649 1311 1738 ἡμερότης,
1332 1672 1407 1737 φοι.

325 1746 427 1832 τὴσεις
444 1770 476 1811 τε
500 1754 576 1833 παρ’
594 1741 747 1831 ἀλλήλους
764 1742 943 1835 άφάλακτοι
968 1748 1208 1832 aediluualdus,
1235 1750 1290 1813 καί
1302 1750 1405 1834 φροῦ-

247 1902 251 1911 .
329 1848 370 1909 δα
389 1844 511 1927 οἴχεται
531 1844 571 1910 τά
596 1847 693 1911 δεινά.
734 1841 832 1923 οὕτως
851 1839 916 1934 άρα
935 1848 1043 1924 αάτοῖς
1063 1845 1098 1913 τό
1120 1850 1181 1931 μὲν
1199 1844 1335 1932 όπὴιιοον
1356 1845 1443 1919 δι’-[5

237 1957 271 2021 λ’,
289 1974 315 2008 ιι
328 1967 417 2008 καιον
442 1944 497 2007 καί
518 1943 710 2030 φιλόπατρι,
742 1942 778 2008 τό
801 1946 837 2010 δέ
851 1970 886 2032 γε
902 1936 1003 2033 άρχον
1025 1944 1152 2028 εὐμενὲς
1172 1948 1207 2012 ἒν
1231 1946 1333 2011 δέοντι
1350 1949 1406 2011 ναί

294 2043 499 2127 Βπειθηνισν·
520 2041 624 2107 ταῦτά
639 2066 689 2109 τοι
708 2047 762 2110 καί
776 2045 955 2111 διατελοῦσι
973 2045 1110 2128 δύναμιν
1125 2047 1256 2129 βεβαίαν
1271 2043 1404 2128 ἔχοντες,

324 2144 379 2208 ναί
390 2143 501 2224 νόμοις
520 2136 680 2230 χρεόμενοι
700 2153 765 2221 τοῖς
788 2139 904 2221 αὖτοῖς·
934 2144 990 2211 καί
1007 2147 1071 2211 τῶν
1087 2148 1148 2227 μὲν
1165 2146 1287 2211 cintius
1309 2143 1403 2207 οὐδὲν

325 2237 357 2323 δ,
376 2266 407 2305 τι
428 2236 693 2327 ἀποβεβληκότες,
724 2250 856 2309 πλεῖστα
869 2246 905 2310 δὲ
923 2240 982 2309 όσα
1001 2242 1250 2327 ἐπικτησάμενοι
1282 2242 1402 2305 δικαιο-

323 2340 402 2425 σόνη
423 2336 484 2425 γάρ
513 2344 569 2405 καί
593 2343 723 2428 φιλότης
747 2337 794 2418 οἷς
822 2336 862 2407 όν
881 2344 1066 2427 ἒντραφείη,
1100 2341 1273 2423 edictionem
1293 2336 1443 2425 τιθηοιαο

323 2439 480 2504 πολιτείαν
503 2441 558 2503 καί
570 2436 724 2526 μόνιμον,
745 2438 801 2503 καί
817 2434 929 2523 ἥκιστα
947 2436 1105 2520 πολεμίοις
1119 2438 1286 2523 ἁλώσιμον.

405 2535 442 2618 γ’.
487 2530 576 2600 oiim
597 2539 657 2618 μὲν
673 2530 731 2601 οὖν
748 2533 777 2600 οἱ
794 2535 935 2623 Φράγγοι
955 2529 1070 2625 ἄριστα
1083 2539 1222 2621 βιοῦντες
1229 2589 1241 2622 ,
1254 2539 1351 2626 ,σφοῖν
1368 2561 1404 2605 τε

395 2703 419 2738 a.
438 2685 473 2737 οδ
492 2686 523 2736 τὸ
538 2686 569 2739 R.
584 2703 634 2754 pro
653 2679 679 2747 ό,
696 2655 734 2738 τι.
799 2689 823 2738 3.
842 2703 907 2738 τινα
922 2686 951 2737 R.
970 2695 999 2738 et
1011 2685 1055 2750 iu,
1072 2664 1128 2740 aa?
1137 2687 1209 2758 vulg.
1278 2705 1305 2757 γ.
1326 2686 1403 2740 δπο·

394 2752 525 2821 βαλόντες
534 2756 567 2808 fr.
579 2765 606 2806 et
617 2759 657 2819 a,
676 2753 881 2824 ἀποβάλλοντες
899 2757 969 2826 vulg.
1031 2774 1069 2810 ra.
1089 2753 1122 2823 δη
1139 2760 1168 2810 ll.
1181 2766 1210 2810 et
1225 2757 1270 2818 fr,
1292 2759 1401 2828 asvulg.

394 2843 437 2878 ao.
458 2823 575 2894 φιλότης
586 2827 615 2876 ll.
634 2825 725 2896 sarug.
741 2825 825 2896 Lugd.
839 2835 868 2879 et
881 2827 966 2896 Intpr.
979 2827 1119 2893 charitat,
1139 2827 1290 2898 φιλοτιμία
1303 2827 1375 2897 vulg.

300 2947 301 2954 ’
326 2953 354 2998 et
371 2944 554 2998 seditionibus
581 2943 723 3014 gignendis
747 2946 882 3013 aptissimi
906 2946 1097 2998 suboriantur:
1127 2944 1201 3014 apud
1221 2945 1284 2998 illos
1299 2952 1400 3009 tamen,

323 3017 432 3067 tametsi
450 3017 479 3068 in
497 3017 725 3086 quamplurimos
745 3015 916 3085 principatus·
933 3033 980 3068 eos
997 3033 1055 3068 esse
1071 3015 1172 3067 divisor
1191 3017 1337 3083 contingat,
1354 3016 1400 3066 ni-

286 3129 287 3137 ,
324 3084 366 3137 hil
385 3087 440 3138 tale
463 3104 514 3137 usu
532 3087 628 3152 venit3‘
646 3085 694 3137 sed
709 3087 733 3137 si
757 3102 827 3155 quae
842 3087 912 3138 forte
930 3087 1001 3138 iuter
1016 3086 1152 3154 principes
1170 3086 1275 3137 oriatur
1290 3093 1400 3136 contro-

322 3157 419 3218 versia,
438 3173 530 3208 omues
542 3154 652 3224 quidem
670 3157 755 3208 aciem
766 3157 905 3208 instruunt
917 3163 1048 3227 tanquam
1062 3155 1097 3206 ad
1112 3155 1272 3208 bellandum
1289 3171 1401 3225 remque

323 3229 403 3278 armis
425 3223 642 3291 decernendam
665 3224 764 3277 deinde
781 3226 862 3278 simul
877 3228 1052 3288 conveniunt,
1070 3225 1240 3294 conspicatae
1258 3242 1322 3277 vero
1340 3242 1400 3279 sese

323 3297 453 3367 utrinque
468 3297 578 3365 copiae,
606 3297 697 3348 statim
720 3296 827 3348 abiecta
848 3297 1011 3358 offensione,
1035 3295 1071 3347 ad
1086 3294 1257 3348 concordiam
1274 3293 1400 3359 redeunt,

322 3364 476 3434 iubeatque
494 3373 525 3416 ut
541 3367 678 3435 principes
699 3366 760 3418 iure
782 3366 874 3436 potius
890 3368 1084 3418 controversias
1101 3364 1260 3429 decernant3
1286 3366 1328 3417 sin
1346 3365 1400 3416 mi·

322 3451 384 3498 nus,
404 3443 435 3486 ut
444 3435 571 3504 singulari
590 3438 662 3488 inter
674 3454 702 3488 se
720 3437 865 3488 certamine
883 3445 972 3505 agant,
989 3445 1018 3488 et
1034 3453 1143 3488 suorum
1155 3436 1266 3505 ipsimet
1280 3435 1400 3504 capitum

323 3506 475 3572 periculum
489 3503 596 3562 adeant.
615 3507 711 3578 Neque
721 3508 795 3559 enirn
806 3497 942 3576 aequitati
950 3515 997 3557 aut
1010 3507 1114 3574 patriae
1127 3504 1319 3558 consuetudini
1332 3522 1398 3558 con-

325 3585 486 3628 sentaneum
504 3583 627 3636 censent,
658 3584 689 3628 ut
710 3579 831 3646 privatae
848 3578 968 3643 ipsorum
982 3577 1127 3628 simultatis
1140 3593 1270 3637 causarer
1287 3574 1399 3644 publiea

324 3644 506 3698 labefactetur
522 3650 550 3695 et
564 3644 741 3697 subvertatur.
762 3647 914 3699 Confestim
928 3646 1020 3714 itaque
1037 3647 1221 3698 etexercitum
1235 3645 1354 3707 solvunt,
1369 3652 1400 3696 et

326 3731 398 3766 arma
416 3715 565 3783 deponunt,
590 3731 712 3784 paceque
729 3715 912 3783 redintegrata
928 3723 989 3766 tuto
1002 3733 1092 3768 rursus
1107 3718 1179 3768 iuter
1196 3731 1225 3768 se
1240 3722 1399 3778 commeant,

326 3784 441 3836 sublatis
453 3784 569 3836 emedio
586 3783 802 3836 difficultatibus.
819 3785 895 3838 Adeo
911 3785 984 3853 apud
1000 3784 1063 3837 illos
1082 3786 1186 3838 subditi
1199 3793 1263 3838 sunt
1275 3786 1399 3838 iustitiae

327 3861 355 3904 et
371 3855 475 3922 patriae
493 3854 624 3918 studiosi3
645 3856 782 3922 principos
797 3873 875 3916 vero,
892 3855 943 3906 ubi
956 3872 1022 3976 opus
1040 3863 1089 3919 est,
1102 3855 1203 3925 placidi
1218 3864 1246 3907 et
1262 3855 1398 3909 obsecun-
1441 3884 1447 3891 ·

326 3920 430 3974 dantes.
466 3923 568 3998 quirco
582 3925 678 3995 utique
692 3933 719 3976 et
736 3925 839 3976 firmam
855 3923 957 3994 degunt
993 3925 1283 3996 abentespotentiam,
1300 3925 1399 3979 iisdem
1441 3984 1443 3989 ,

324 3990 431 4060 legibus
446 4001 564 4058 utentes,
583 4012 631 4047 sua
640 4002 758 4057 tuentes,
777 3995 902 4064 nihilque
917 3995 1082 4060 amittentes,
1100 3995 1315 4068 quamplurima
1333 4011 1397 4049 vero

326 4063 506 4132 acquirentes.
547 4066 653 4116 Iustitia
671 4065 744 4116 euim
764 4073 793 4116 et
811 4065 930 4116 amicitia
953 4064 1003 4116 ubi
1022 4068 1129 4135 vigent,
1152 4066 1261 4117 beatam
1278 4067 1397 4118 firmam·

327 4149 382 4203 que
399 4131 594 4186 effitiuutrem
612 4134 751 4202 publicam
771 4143 801 4186 et
818 4152 988 4206 nequaquam
1003 4133 1128 4190 hostibus
1145 4135 1363 4205 expugnabilem.

397 4203 422 4258 ³.
439 4201 537 4258 Furor
550 4203 641 4274 itaque
652 4203 703 4258 boc
720 4203 802 4262 nodo
813 4207 916 4277 optime
927 4202 1010 4262 vilan
1019 4224 1095 4264 suam
1103 4204 1287 4275 instituentes,
1303 4214 1333 4262 et
1342 4202 1398 4260 sibl
