3109 4950
365 317 449 420 354
687 344 725 404 n.
753 337 946 414 sommo
973 337 1109 402 uorsa

364 504 418 580 qui
430 495 606 585 puniendus
626 508 752 565 manem
776 495 928 555 nimirum
938 502 1104 577 postquam
1112 512 1150 554 οι
1158 492 1219 554 liae
1232 493 1296 554 sito
1305 515 1374 556 noo
1395 519 1449 558 ex·

364 586 466 670 piatus
486 581 626 642 violenta
644 589 761 655 morte,
784 577 966 639 decesserit.
1008 577 1076 636 lloe
1092 575 1178 636 enim
1199 587 1393 656 sequeretur
1412 601 1448 640 ex

362 665 522 732 sententia
543 661 684 724 Platonis
708 661 806 743 poulo
833 668 906 720 ante
927 659 1034 722 allata.
1073 658 1186 739 Neque
1206 660 1294 718 enim
1319 661 1380 720 illa
1405 673 1449 723 est

362 747 503 812 Platonis
522 745 699 820 sententia,
719 763 816 824 quam
834 742 884 800 illi
901 742 1027 823 affingit
1049 739 1264 820 Interpolator
1279 741 1447 822 Agathiae,

354 829 534 914 feliciorem
548 828 673 888 omnino
689 823 866 908 putendum
882 824 1041 964 illumpus'
1056 835 1160 883 terrae
1182 835 1268 882 motu
1288 827 1447 887 extinctae

361 915 423 983 sit,
446 931 540 994 quam
551 911 606 989 qui
617 909 722 968 saluus
736 907 887 966 evaserit:
909 906 964 969 sed
1001 904 1168 987 agitiosuin
1184 905 1326 985 aliquem
1344 907 1372 968 si
1390 917 1447 968 ter-

360 1004 523 1070 raemotu,
546 999 654 1073 utpote
665 989 805 1050 violenta
816 998 915 1048 morte
935 988 1094 1070 expietur,
1114 985 1291 1046 feliciorem
1307 1011 1379 1050 esse
1397 989 1446 1050 fla·

360 1075 473 1160 gitioso
501 1075 557 1154 qui
576 1094 593 1133 e
611 1078 804 1134 terraemotu
818 1079 978 1143 servatus,
1001 1078 1071 1152 post
1093 1079 1226 1129 mortem
1254 1067 1446 1152 flagitiorum

359 1181 490 1220 suorum
508 1177 625 1240 poenas
649 1157 688 1218 sit
704 1155 843 1214 daturus.
865 1173 883 1209 a
905 1153 1021 1234 quibua
1050 1152 1106 1212 ille
1132 1161 1169 1210 ut
1186 1151 1332 1214 violenta
1348 1165 1445 1216 morte

359 1242 504 1325 expiatus
525 1239 607 1299 liber
628 1247 675 1300 est
695 1237 832 1298 futurus.
872 1235 982 1316 Neque
1007 1235 1095 1294 enim
1121 1233 1203 1294 illud
1222 1231 1277 1294 τοῦ
1297 1233 1444 1314 ἐσομένου

360 1325 535 1406 signifieat,
559 1323 620 1402 Qui
640 1319 746 1380 solvus
762 1319 913 1377 evaserit:
937 1326 973 1378 ut
992 1317 1086 1376 vertit
1106 1318 1264 1391 Persona,
1285 1326 1323 1377 et
1342 1320 1444 1380 Inter·

271 1409 487 1490 p,190p‚olator
503 1405 670 1486 sequitur,
702 1401 757 1464 sed
785 1421 883 1481 quem
912 1400 1100 1480 sospiteme
1127 1407 1321 1460 terraemotu
1345 1425 1444 1484 poena

359 1497 431 1574 post
455 1488 539 1548 liano
558 1487 655 1546 vitam
675 1491 789 1544 manet.
832 1485 923 1559 Quae
944 1491 1123 1562 sequuntur
1136 1481 1168 1540 in
1179 1481 1325 1564 Agatho,
1347 1486 1389 1544 ab
1412 1485 1444 1546 iis

360 1569 466 1632 serbis
486 1571 541 1631 lin.
552 1569 601 1632 51.
619 1567 728 1648 [l.17.]
746 1563 818 1624 ἀλλ’
834 1559 953 1625 ἐκείνου
968 1562 1025 1640 μὲν
1041 1560 1097 1644 τὴν
1116 1561 1219 1640 δόξαν,
1240 1573 1301 1624 eto.
1324 1568 1441 1627 adver·
1505 1622 1506 1625 ,

357 1653 436 1714 bum
452 1647 599 1732 λεγόντων
616 1647 878 1732 pag.148,liu.9.
897 1647 1032 1726 [287‚5.]
1050 1645 1163 1708 omissa
1188 1654 1263 1707 sunt
1284 1646 1324 1706 ab
1342 1650 1443 1710 Inter-

380 1744 458 1798 rete.

357 1757 379 1820 P
443 1833 515 1912 Pag.
530 1831 594 1895 151.
604 1829 717 1892 tin.30.
730 1831 816 1910 [292
827 1835 890 1901 aa]
901 1825 963 1888 τῶν
978 1826 1013 1888 δὲ
1032 1827 1087 1907 τῆς
1108 1818 1183 1908 ῧλης
1198 1824 1442 1911 ἁμαρτημάτων.

358 1913 646 1992 VertiDefectuum
671 1925 793 1987 terrae,
816 1912 878 1972 hoc
900 1919 963 1986 est,
986 1910 1137 1971 vitiorum
1158 1933 1238 1992 quoe
1265 1922 1376 1973 terrae
1396 1936 1442 1975 ee·

358 1997 480 2062 sidunt.
497 1996 575 2056 llam
591 2017 649 2078 per
662 1985 741 2074 ὕλην
755 1993 883 2054 videtur
898 1992 1217 2074 significareTerram
1234 1994 1348 2076 ipsam.
1371 2005 1445 2057 utet

358 2099 452 2161 supra
463 2100 533 2161 pag.
546 2079 594 2154 54.
604 2077 660 2140 lin.
671 2085 794 2154 4.[1oo,
809 2085 868 2150 η]
880 2076 973 2136 τοῦτο
987 2069 1025 2156 δὴ
1042 2074 1097 2154 τῆς
1106 2068 1180 2156 ὕλης
1191 2076 1313 2157 χωρίον
1322 2081 1443 2140 notula

357 2159 533 2242 παθήματα
552 2157 765 2239 ὑποδέχεσθαι
782 2161 913 2239 πέφυκε.

440 2244 516 2322 Pag.
530 2243 657 2308 155Jin.
665 2243 775 2302 ultimo
785 2240 935 2321 [298,15.]
945 2237 1078 2320 δρῶντες
1084 2233 1132 2300 ἔτι
1146 2233 1185 2298 τοὶ
1196 2238 1374 2319 εἰθισμένα.
1386 2244 1443 2305 lios

359 2334 503 2408 est,quoe
524 2337 750 2387 consueverant
767 2337 902 2402 agentes.
943 2324 1083 2384 Persona
1102 2322 1182 2404 quid
1204 2323 1267 2384 sibi
1292 2325 1375 2386 velit
1391 2349 1442 2388 ne·

357 2406 437 2485 seio,
451 2417 590 2483 vertens,
610 2419 761 2468 secretum
787 2404 862 2464 dum
877 2401 1034 2485 facerent.

441 2489 822 2571 Pog.155.lin.lpn.[3oa,
839 2495 880 2570 7.]
895 2486 934 2546 de
956 2488 1046 2547 Sesto
1074 2486 1152 2547 urbe
1179 2488 1335 2571 loquens,
1361 2515 1442 2573 quae

358 2571 451 2633 nulla
468 2574 531 2633 alia
552 2592 587 2634 re
602 2571 739 2635 celebris
753 2580 822 2647 est,
842 2590 937 2649 quam
954 2568 1092 2629 Leandri
1109 2592 1212 2631 amore
1237 2581 1269 2632 et
1294 2586 1399 2635 morte
1414 2585 1444 2635 et

356 2654 460 2716 Herus
475 2654 617 2717 lucerna.
659 2655 813 2727 Persona,
833 2651 892 2712 sibi
913 2651 1009 2733 plane
1025 2652 1154 2729 similis,
1175 2653 1256 2716 illud
1279 2656 1322 2739 τῷ
1338 2651 1443 2741 λύχνῳ

356 2734 414 2815 τῆς
433 2733 556 2817 Ἡροῦς
573 2734 686 2810 vertit,
706 2754 749 2796 ex
763 2736 820 2796 illo
840 2736 967 2796 heroum
982 2746 1083 2801 coetu.
1112 2757 1178 2817 quo
1197 2736 1278 2820 quid
1295 2739 1362 2801 diei
1389 2750 1445 2801 ant

300 2830 305 2839 '
356 2815 435 2898 fingi
448 2826 553 2899 potest
574 2816 760 2878 absurdius?

439 2914 514 2995 Pag.
531 2915 596 2979 156.
607 2914 654 2974 lin
673 2916 701 2977 8.
725 2915 810 2992 1503,
823 2915 864 2988 5.]
884 2908 1126 2994 δεκατευτήριον.
1158 2916 1216 2979 Est
1232 2918 1329 2979 etiam
1343 2918 1444 2981 lroilie

351 2995 533 3059 Turearum
561 2992 813 3079 δεκατευτήριον,
835 2996 898 3057 lios
928 3002 995 3071 est,
1023 2997 1080 3057 ubi
1103 2999 1274 3082 exiguntur
1294 3003 1443 3064 decimae

355 3088 389 3142 et
407 3080 548 3163 portoria
575 3080 729 3141 mercium
747 3102 766 3137 a
788 3076 989 3173 mancipibus
1008 3079 1195 3150 Turonium.
1235 3083 1313 3145 Fuit
1341 3085 1443 3145 etiam

355 3164 412 3245 qui
430 3162 546 3246 Belgas
566 3156 792 3247 tesazsvrqpr'p
821 3158 970 3221 omnibus
996 3162 1114 3225 seculis
1135 3164 1280 3227 inaudito
1300 3186 1441 3228 onerare

353 3246 479 3323 voluit,
501 3244 556 3307 sed
573 3246 698 3305 frustra.

437 3342 590 3425 rag.157.
608 3344 662 3405 lin.
679 3343 723 3419 ni.
743 3340 879 3417 [sote]
899 3338 1090 3423 διελέλοτοῆ
1110 3345 1168 3405 τοῦ
1182 3345 1339 3429 ἐρύματος
1356 3348 1444 3411 οἰκο-

356 3422 460 3506 δομιἀ.
480 3424 592 3487 suidas
610 3425 653 3485 its
670 3425 762 3507 legit,
786 3422 909 3484 διέλοτο
928 3416 949 3503 ἦ
967 3422 1024 3483 τοῦ
1040 3425 1183 3505 μεγιοτοο
1202 3426 1374 3507 κη’σμοτος
1393 3433 1444 3493 οἶ-

355 3507 492 3586 κοδομία.
563 3508 618 3569 lin.
633 3508 677 3573 16.
696 3508 720 3582 [l
737 3510 781 3580 8.]
794 3500 904 3579 οἰκιοιζ.
923 3504 1008 3569 Vide
1028 3528 1104 3571 num
1122 3512 1241 3574 reotius
1258 3512 1324 3596 legi
1338 3516 1445 3598 possit

256 3656 259 3667 ,
354 3591 453 3655 οἰκεῖοι
459 3640 469 3669 ,
489 3590 552 3652 hoo
570 3599 635 3668 est,
656 3610 722 3656 sua.

435 3692 512 3771 Peg.
529 3689 595 3771 ¹59·
603 3689 659 3754 lin.
678 3710 726 3749 22.
744 3690 902 3775 [309‚19.]
921 3689 1089 3774 sequeutia
1109 3690 1149 3751 sb
1162 3691 1213 3755 liis
1231 3692 1337 3757 verlsis
1351 3683 1441 3778 ἦσαν

356 3771 391 3869 iis
408 3770 446 3869 os}
461 3766 597 3851 μάχιμοι
620 3792 720 3853 usque
737 3773 777 3832 ad
792 3773 872 3834 liaeo
885 3776 981 3835 verbe
1002 3796 1069 3857 pag,
1086 3773 1219 3841 160.lin.
1230 3780 1319 3857 943¹
1330 3800 1358 3855 s,
1377 3789 1440 3848 ια]

354 3874 411 3933 την
423 3850 537 3934 αργίον
553 3855 667 3917 omissa
684 3863 760 3915 sunt
776 3877 794 3915 a
810 3857 912 3917 veteri
933 3858 1118 3940 Interprete.
1161 3859 1282 3929 limo.
1293 3862 1382 3937 1510,
1392 3863 1442 3934 6.]

355 3933 390 3996 ἓν
412 3940 482 4007 τοῖς
510 3932 666 4033 οιροόδοις.
687 3936 946 4021 frequentissima
967 3946 1016 4002 est
1038 3939 1119 4001 liaeo
1142 3961 1204 4001 vox
1230 3940 1264 4003 in
1289 3944 1441 4007 Novellis

355 4016 537 4085 Iustiniani.

438 4114 514 4196 Peg.
538 4117 603 4181 160.
619 4119 676 4193 liu.
696 4138 746 4201 ²7·
773 4120 859 4199 1312,
877 4130 918 4195 a]
932 4118 989 4186 καὶ
1008 4119 1066 4204 τὴν
1082 4117 1169 4206 νίκην
1191 4120 1441 4209 &omiserim

357 4192 449 4267 said.
471 4196 552 4284 legit
570 4194 625 4263 καὶ
638 4196 811 4285 περιχαρής
826 4223 862 4283 ys
874 4200 932 4287 τὴν
948 4202 1044 4289 scissis.
