3109 4950
362 275 448 378 304
791 301 1001 368 leirene

206 469 269 525 tc.
294 471 347 528 558
358 455 415 522 rai
430 455 641 540 αἰχμαλώτων
660 449 860 541 ἀθροίζοντες
879 453 1003 540 πλήθη·
1024 455 1059 520 έν
1078 462 1144 532 τοῖς
1160 453 1218 522 κατ’
1228 457 1343 540 γύναια
1366 464 1451 522 παλ-

238 543 392 621 1’Μ’λύ
411 557 475 620 cois
494 549 536 619 εύ
553 554 723 640 γεγονότων
741 555 797 618 καὶ
822 550 971 640 σώφρονα
994 551 1119 620 δίαιταν
1132 553 1300 641 ᾑρημένων
1314 553 1449 636 τύμύτα-

349 679 391 720 τα
418 645 550 740 ἤγοντο,
571 653 628 718 καί
661 650 834 740 συμφορὰν
865 655 976 718 πασῶν
1004 655 1131 734 μείζονα
1160 650 1379 737 ἐδυστύχουν,
1403 657 1450 730 εἰς

348 746 522 828 ἀκολασίας
551 746 706 839 ἀμετρίαν
733 752 897 839 ὑπηρετεῖν
927 749 1184 834 ἀναγκαζόμενα·
1219 750 1301 818 ἔνιαι
1330 752 1450 818 δὲκαὶ

351 851 553 936 ύπειρηκυῖαι
572 846 633 937 ἤδη
654 854 690 916 έκ
708 853 831 917 παίδων
845 849 958 934 γάμοις
978 875 1010 914 τε
1024 848 1079 916 καί
1096 851 1283 940 φιλοκοσμίαν
1298 851 1360 917 καί
1369 847 1468 918 τού-5

322 974 392 1038 Dtp
412 946 451 1036 dr}
472 951 513 1038 τῇ
532 948 607 1036 περὶ
623 946 680 1016 τὸν
699 947 770 1034 βίον
791 949 976 1036 ἀναστροφῇ
997 951 1051 1014 κατ’
1069 948 1188 1037 ὄμιλιλη,
1204 954 1240 1016 έν
1274 951 1450 1036 ἀποκεκρι-

310 1107 318 1127 ,
350 1051 435 1137 μένρι
454 1047 518 1114 τινί
531 1047 588 1113 κατ’
603 1052 650 1136 τῇ,
663 1045 743 1134 πρύς
757 1044 796 1116 ,τὸ
826 1051 913 1112 θεῖον
944 1046 1059 1136 ἱκετείᾳ
1088 1045 1275 1133 προσήκοντι
1303 1047 1449 1134 ὑπεκρύ-

350 1174 464 1214 πτοντο
493 1152 664 1237 δωματίῳ,
693 1144 731 1212 τύ
753 1149 865 1230 οἷμιγές
884 1169 917 1212 τε
937 1145 994 1210 καί
1012 1147 1179 1233 ἐλεύθερον
1199 1147 1256 1212 καί
1273 1151 1449 1213 παντύπα-
1503 1181 1504 1234 η

350 1272 404 1313 σιν
416 1245 625 1332 α’κοινύνητον
638 1250 695 1333 τῆς
707 1249 777 1329 μετ’
793 1241 918 1331 ἀνδρῶν
933 1245 1103 1321 συνουσίας
1118 1247 1193 1330 περί
1209 1249 1359 1311 πλείστου
1371 1272 1444 1312 ποι-

350 1344 564 1427 σύμεναι,καί
581 1344 668 1434 μόνῳ
688 1349 732 1433 τῷ
750 1345 882 1432 ἠρεμεῖν
906 1345 1078 1425 α’νειμέναι.
1094 1342 1124 1406 οἱ
1140 1345 1175 1407 δὲ
1196 1347 1251 1408 καί
1269 1347 1303 1420 ἒς
1323 1341 1497 1422 tairago

351 1444 514 1530 ἐξύβριζον
533 1439 767 1532 ἀφαιρούμενοι
785 1447 843 1508 τοῦ
863 1442 950 1529 inpari
976 1440 1191 1527 παρθενῶνας,
1211 1441 1268 1506 καί
1293 1443 1447 1529 ἀπρεπῶς

352 1537 469 1617 αύταῖς
485 1541 566 1627 πρὸς
582 1546 657 1625 βιλιν
676 1540 979 1626 ξυγκαλινύούμενοι·
1000 1532 1096 1605 ύλλαι
1113 1539 1148 1604 δὲ
1166 1538 1281 1605 πολλαί
1299 1545 1369 1607 τῶν
1391 1537 1448 1628 ἆῤ-

353 1640 440 1727 ῥεσιν
460 1643 493 1716 ές
520 1634 620 1704 ταύτὰ
647 1642 732 1706 ἰέναι
761 1639 819 1704 ούκ
838 1640 1041 1724 ἅνηναμένων
1053 1689 1063 1720 ,
1092 1641 1225 1704 κύουσαι
1252 1641 1286 1704 ἐν
1306 1644 1353 1727 τῷ
1376 1639 1447 1706 τότε

304 1727 307 1731 ’
354 1733 436 1804 ούτω
456 1736 623 1826 παρασχὸν
637 1741 786 1821 εἵλκυστο,
807 1733 958 1820 aui-sira,
979 1735 1086 1821 ἐπειδὴ
1104 1739 1207 1824 παρῆν
1227 1733 1248 1822 ἦ
1269 1742 1328 1802 τοῦ
1349 1736 1445 1804 τόκου
1503 1809 1504 1812 ¹

355 1831 485 1922 οἶνύγκη,
507 1833 592 1903 υύτω
612 1834 651 1921 δή
671 1862 704 1900 τι
724 1840 759 1902 ἐν
777 1838 859 1926 μέση
880 1839 920 1922 τῇ
940 1837 1051 1924 πορεία
1068 1837 1291 1922 ἐμφανέστατα
1311 1833 1476 1919 diturum

354 1928 425 2000 ούτε
454 1934 496 1999 τύ
524 1935 719 2021 αἰσχυντηλύ
747 1938 812 2001 τῶν
842 1933 964 2001 ωἰλίιιων
994 1933 1214 2000 ἐπικαλύπτων
1245 1933 1446 2019 δυνάμεναι,

259 2025 426 2120 Μηγούτε
446 2042 651 2121 περιστεῖλαι,
673 2031 717 2111 οἷς
734 2037 838 2116 θέμις,
860 2032 916 2098 κατ’
934 2035 1103 2099 ἀνελέσθαι
1117 2031 1157 2097 τὰ
1171 2033 1293 2120 βρέφη·
1317 2029 1393 2100 ἀλλ’
1416 2037 1447 2100 ui

351 2139 413 2218 μὲν
434 2133 490 2199 καὶ
508 2132 552 2212 υἷές
572 2132 738 2222 ε’σύροντο,
761 2137 844 2220 μηδὲ
865 2134 1003 2218 ἀλγῆσαι
1023 2134 1136 2210 αύταῖς
1146 2185 1156 2215 ,
1186 2137 1216 2198 εἰ
1234 2129 1302 2200 οἷόν
1322 2159 1361 2199 τε
1385 2136 1448 2223 φύ-

351 2260 424 2316 ναι,
447 2237 737 2321 ξυγκεχωρημένον,
758 2233 800 2300 τὰ
821 2235 857 2307 δὲ
878 2233 1001 2299 δειλαια
1018 2235 1120 2298 ἐκεῖνα
1142 2235 1190 2298 ἐπ’
1209 2237 1343 2320 ἐρημίας
1367 2235 1448 2300 §leri

353 2357 428 2399 πετο
449 2333 529 2399 κυσί
546 2359 581 2398 τε
607 2333 664 2398 καί
682 2337 804 2409 οἰωνοῖς
824 2330 1080 2420 σπαραττόμενα,
1113 2328 1218 2418 οἵσπερ
1239 2336 1332 2398 τοῦδε
1356 2337 1482 2404 ἓνεκααα

351 2432 453 2518 μόνου
471 2436 506 2510 ές
529 2436 598 2521 φύς
620 2436 834 2521 προαχθέντα,
863 2431 919 2497 καί
931 2428 1035 2517 μάτην
1049 2431 1117 2495 ,τού
1146 2437 1246 2521 φῦναι
1265 2433 1451 2515 α’πογευσύ-

353 2559 445 2617 μενα.
464 2537 498 2609 ές
522 2536 616 2598 τούτο
639 2533 700 2620 γὰρ
718 2533 817 2618 τύχης
838 2530 878 2598 τύ
899 2532 1266 2621 Ῥωμαίωνπρύγματα
1286 2528 1452 2618 ἦληλύκει,

424 2670 449 2737 4.
468 2668 630 2721 ἀκολασίαν
648 2671 680 2720 R.
794 2670 819 2722 6.
836 2666 1080 2739 ύποκεκρυμμένηι
1099 2670 1128 2721 R,
1159 2668 1278 2739 alterapt
1308 2672 1451 2731 transfixa,
1503 2686 1504 2723 l

428 2757 468 2791 ro.
486 2742 534 2789 καὶ
546 2738 627 2810 μόνρι
642 2767 678 2777 -
693 2737 843 2808 ἀνειμέναι
866 2739 928 2793 add.
948 2756 981 2789 cx
997 2742 1025 2789 R.
1046 2748 1074 2789 ct
1092 2740 1175 2809 Intpr.
1192 2741 1335 2811 quietique
1357 2760 1387 2795 se
1406 2762 1451 2795 so·
1503 2788 1504 2813 ,

425 2809 481 2859 lum
502 2811 700 2877 permitterent.
757 2827 796 2862 12.
809 2804 1086 2880 ξυγκυλινδούμενοι
1114 2810 1174 2861 edd.
1232 2812 1269 2865 13.
1285 2814 1319 2863 ἐν
1331 2815 1375 2879 τῷ
1388 2814 1451 2865 τότε

426 2874 485 2929 orit.
503 2894 570 2951 παρ.
582 2880 623 2942 n,
640 2876 701 2931 ούτ.
712 2894 780 2952 παρ.
797 2880 829 2933 ἐν
842 2897 865 2933 τ.
883 2897 907 2939 τ.
925 2880 996 2950 vulg.
1078 2898 1116 2949 ¹9·
1135 2880 1256 2951 ἐρημίαν
1272 2882 1303 2934 Β.

358 3033 417 3070 eres
442 3016 546 3067 multae
570 3014 678 3067 nobiles
705 3023 733 3067 et
759 3023 860 3071 castam
882 3016 967 3067 vitam
993 3016 1122 3086 degentes
1148 3016 1335 3069 crudelissime
1357 3020 1453 3087 rapie—
1503 3012 1504 3043 ³

356 3089 476 3150 bantur,
493 3085 564 3137 malo
582 3088 704 3137 omnium
725 3088 883 3155 gravissimo
903 3086 1054 3151 obnoxiae,
1076 3088 1150 3158 quod
1168 3088 1369 3139 immoderatae
1392 3091 1453 3139 bar-

357 3156 607 3212 barorumlrbrdrm
622 3159 754 3208 inservire
771 3156 951 3227 cogebantur:
970 3157 1116 3209 nonnullas
1127 3175 1200 3221 vero,
1218 3174 1288 3229 quae
1308 3158 1371 3208 ianr·
1388 3160 1453 3210 inde

357 3247 375 3281 a
392 3231 485 3300 pueris
513 3235 541 3279 et
558 3228 665 3295 nuptiis
686 3235 715 3279 et
732 3229 878 3279 mundanis
898 3226 1042 3281 desideriis
1061 3236 1090 3279 et
1110 3228 1181 3280 euris
1202 3229 1453 3295 occupationibus·

387 3317 413 3351 ιο
431 3300 514 3350 buius
531 3299 605 3349 vitae
625 3299 826 3361 renuntiarant,
859 3298 934 3350 etin
960 3308 1063 3351 remota
1080 3299 1172 3370 aliqua
1193 3298 1343 3368 divinoque
1365 3300 1455 3351 cultui
1503 3334 1504 3395 ρ

358 3319 451 3423 beau
470 3368 635 3419 domuncula
656 3368 862 3431 delitescebant,
879 3369 995 3422 liberam
1009 3370 1091 3439 plane
1110 3378 1138 3421 et
1155 3372 1300 3424 immunem
1321 3368 1359 3419 ab
1379 3371 1456 3421 omui
1503 3400 1504 3419 l

358 3443 479 3493 virorum
499 3438 682 3489 coutubernio
702 3439 954 3509 consuetudineque
972 3440 1056 3491 vitam
1075 3457 1178 3492 summo
1199 3439 1289 3491 studio
1309 3440 1455 3493 colentes:

360 3514 444 3565 etiam
468 3508 499 3560 bi
529 3511 610 3559 sacris
638 3509 773 3577 virginum
802 3510 942 3562 coenobiis
971 3518 1077 3580 ereptas
1102 3512 1267 3563 contumelia
1287 3509 1459 3573 afficiebant,

358 3583 477 3652 turpiter
497 3595 543 3631 eas
561 3581 682 3649 pervim
707 3586 920 3649 constuprantes.
946 3580 1024 3632 Aliae
1046 3596 1109 3633 vero
1127 3582 1238 3643 multae,
1257 3597 1328 3651 quae
1351 3599 1368 3631 a
1391 3600 1456 3633 con·
1503 3582 1504 3649 l

359 3651 507 3705 suetudine
532 3651 653 3701 virorum
683 3666 854 3721 nequaquam
877 3651 1087 3715 abhorruerant,
1107 3660 1135 3705 et
1154 3650 1278 3721 gravidae
1304 3660 1369 3702 turn
1388 3660 1457 3703 tem·
1503 3676 1504 3709 τ

358 3724 433 3793 poris
454 3719 640 3791 rapiebantur,
665 3736 726 3771 cnm
746 3722 800 3771 iam
819 3722 947 3791 pariendi
961 3724 1105 3774 necessitas
1122 3729 1239 3791 urgeret,
1255 3722 1296 3773 ita
1311 3724 1343 3773 in
1364 3722 1457 3773 medio
1503 3748 1504 3789 η

360 3795 463 3844 itinere
481 3795 515 3861 in
528 3790 676 3861 propatulo
701 3792 864 3860 pariebant,
882 3808 942 3843 cum
968 3810 1019 3843 nec
1035 3794 1201 3845 verecundos
1224 3799 1319 3861 partus
1345 3793 1457 3844 dolores
1503 3792 1504 3853 ξ

361 3862 492 3929 obtegere
511 3870 638 3931 possent,
657 3878 747 3932 neque
766 3863 910 3931 complecti
927 3863 1072 3931 fasciisque
1096 3865 1232 3915 involvere
1252 3863 1395 3925 infantes,
1415 3864 1458 3913 uti
1503 3856 1504 3903 ἕ

360 3934 402 3983 ias
422 3940 479 3994 est,
502 3941 530 3984 ct
547 3934 705 3997 sustollerc3
723 3932 770 3983 sed
790 3933 842 3985 bae
861 3932 973 4003 quidem
994 3934 1075 3984 ctiam
1098 3936 1143 3984 itu
1157 3931 1411 4003 protrahebantur,
1432 3940 1461 3982 et
1503 3950 1504 3971 1

359 4019 395 4055 ne
415 4002 512 4053 dolere
537 4004 648 4072 quidem
668 4006 746 4073 ipsis,
769 4005 887 4055 immane
914 4004 998 4066 dictu,
1018 4003 1240 4073 permittebatur:
1266 4004 1366 4054 miseri
1392 4020 1460 4054 vero

360 4074 404 4125 illi
422 4071 544 4123 infantes
569 4076 599 4125 in
620 4075 771 4128 solitudine
792 4074 1026 4146 relinquebantur,
1052 4073 1197 4126 acanibus
1224 4074 1327 4141 pariter
1349 4082 1381 4125 et
1398 4091 1461 4124 car-

360 4143 463 4197 nivoris
482 4141 577 4193 avibus
606 4144 796 4215 discerpendi,
814 4146 929 4215 perinde
947 4161 977 4195 ao
997 4148 1019 4199 si
1050 4160 1107 4195 eam
1127 4152 1234 4195 tantum
1256 4142 1292 4194 ob
1312 4144 1464 4195 eaussmin

360 4215 450 4269 lucem
471 4211 540 4268 cdiii
560 4224 664 4279 essent,
690 4224 720 4268 et
740 4217 842 4269 frustra
863 4224 937 4269 ortus
958 4216 1000 4268 sui
1020 4214 1170 4285 primordia
1188 4214 1392 4283 degustassent.
1431 4215 1462 4263 ln
