3109 4950
439 314 721 379 ursrouuuuu
750 319 791 381 u.
811 322 843 385 ε.
1137 291 1193 404 67

113 471 155 555 τῇ
173 468 255 553 ἄμφ’
278 463 375 532 αάτόν
392 466 526 547 δυνάμει
549 464 650 544 εὐθὺς
665 466 838 555 άπεχάρει,
867 471 922 535 καί
940 468 984 545 ὥς
1000 462 1040 537 liv
1055 470 1327 557 dapnis-tucis
1354 524 1357 532 r

113 592 213 633 στατα
227 564 284 651 τὴν
299 564 387 630 λείαν
400 567 568 653 διακομιση
583 565 733 650 ἤπειγετο,
742 569 986 649 βεβουλευμένον
1003 567 1097 657 αὐτῷ,
1112 560 1224 634 άιιιι-ι
1234 560 1253 613 ¹·
1263 577 1296 629 ²7

115 663 177 731 δάν
198 662 303 729 οἴκαδε
318 666 440 749 ἵκηται,
470 663 538 729 τότε
559 662 598 750 δὴ
618 662 717 740 sribia
738 660 781 741 ὥς
796 664 851 731 τὸν
872 662 1007 753 άδελφὸν
1031 675 1149 733 στεῖλαι
1164 668 1199 734 τὸ

116 760 296 850 στράτευμα
315 761 548 846 ξυλληφόμενον
572 763 657 851 crispi
673 764 728 827 τοῦ
743 763 901 829 κινδύνου.
923 764 992 827 ἄλλ’
1007 754 1078 828 orire
1094 767 1201 857 έκείνιρ

99 862 152 941 5ἒς
165 867 250 937 τέλος
263 861 364 945 άπέβη
380 858 419 925 τά
439 862 610 945 δυνηθέντα
615 912 625 943 ,
654 863 696 949 τῷ
712 883 745 926 τε
768 862 896 947 άδελφῷ
912 860 949 925 σά
969 862 1058 941 μάλα
1073 856 1202 948 ἤρκεσεν

118 962 285 1040 ἐπαμῦναι.
311 951 371 1044 ἤδη
386 957 445 1045 γάρ
458 960 543 1047 αὐτῷ
555 956 617 1024 άνά
629 958 685 1042 τὴν
699 957 799 1045 αάτῆν
816 958 944 1045 πορείαν
956 960 1232 1051 έπανερχομὲνφ,ιι

117 1059 216 1141 μέχρι
232 1059 293 1138 μὲν
312 1057 456 1141 Πικηνοῦ
476 1059 532 1142 τῆς
549 1057 656 1142 χώρας
683 1055 820 1123 υάδενάτι
837 1050 1004 1124 άντάιαλον
1018 1061 1204 1145 ξυνηνέχθη.

120 1153 165 1231 ὥς
183 1157 218 1221 δὲ
234 1158 373 1221 ἐνταῦθα
390 1152 453 1243 ὁδῷ
464 1152 521 1220 loir
537 1152 681 1238 ἐγεγόνει,
696 1154 788 1231 αὐτὸς
800 1157 861 1237 μὲν
877 1156 951 1241 περί
970 1152 1026 1240 τὴν
1051 1158 1156 1223 (δάνον
1172 1159 1206 1223 έ-

120 1254 376 1340 στρατοπεδεάετο
388 1251 446 1338 τὴν
461 1252 559 1319 πάλιν.
578 1252 701 1319 ἔστελλε
720 1255 755 1318 δὲ
762 1252 871 1333 εάθάς,
879 1247 984 1340 τάσπερ
999 1252 1114 1335 εἰώθει,
1128 1278 1206 1340 rapn-

86 1349 267 1439 ιοφάλακας
285 1350 343 1416 καί
365 1354 530 1438 διοπτῆρας
546 1344 665 1437 ἄνδρας
687 1354 721 1428 ἐς
736 1351 946 1437 τρισχιλίους,
976 1351 1014 1415 osi
1025 1347 1121 1433 μόνον
1137 1354 1208 1417 ἐπι-

122 1453 336 1533 σκεψομένους
352 1447 391 1515 τά
403 1451 518 1534 πράσει,
539 1448 620 1514 άλλά
638 1446 784 1536 γάρκαὶ,
806 1446 896 1513 εἵπου
911 1449 1054 1531 πολέμιοι
1070 1458 1208 1537 φανεῖεν,
1252 1502 1254 1506 .

123 1548 370 1630 ἀμυνουμένους.
407 1550 605 1637 Ἀρταβάνης
624 1551 732 1614 δὲκαὶ
748 1540 880 1631 Ovilia),
898 1546 914 1613 ά
931 1542 1059 1632 Οάννσς,
1075 1546 1210 1632 ἐτύγχα-

124 1670 180 1711 νον
192 1642 253 1731 γάρ
274 1641 342 1726 άμα
364 1648 764 1734 στρατεύματιῬιυμαϊκῷ
781 1670 815 1711 τε
834 1647 889 1711 καί
914 1646 1054 1735 Οάννικηῖ
1078 1650 1123 1725 εἰς
1144 1649 1212 1711 Πί-

126 1768 244 1830 σαυρον
263 1742 321 1829 τὴν
346 1746 437 1811 πόλιν
460 1748 689 1829 ξυνειλεγμένοι
712 1746 767 1809 καί
786 1748 1004 1833 ἐφεδρεύοντες
1020 1748 1060 1833 τῇ
1072 1748 1226 1835 παράδιρ,

89 1836 214 1911 ιόοὗτοι
230 1840 268 1924 δὴ
291 1834 364 1925 σάν,
390 1844 498 1927 ἐπειδὴ
517 1847 659 1932 ἐκείνους
671 1841 745 1920 roric
765 1841 980 1930 προπυρευτάς
996 1846 1166 1910 ἐθεάσαντο
1179 1846 1213 1909 ἐν

128 1940 217 2025 αὐτῷ
237 1936 276 2021 δέ]
292 1943 337 2026 τῷ
361 1944 491 2027 αἰγιαλῷ
511 1944 569 2006 τοῦ
590 1942 720 2006 Ἰονικοῦ
735 1939 848 2005 κόλπου
876 1944 931 2005 καί
951 1945 988 2029 τῇ
1006 1940 1138 2031 κροκάλη
1156 1966 1214 2005 τιο-

128 2036 336 2123 ρευομένους,
371 2036 560 2121 άπεκβάντες
576 2042 634 2103 τοῦ
654 2032 782 2121 άστεος,
811 2038 1017 2121 ἐσβάλλουσιν
1043 2040 1162 2123 ἀθρόον
1186 2041 1251 2115 icc

128 2131 265 2217 αὐτοὺς,
286 2128 324 2199 εὖ
336 2134 427 2217 μάλα
444 2141 718 2224 παρατεταγμένοι,
738 2140 794 2202 καί
815 2135 946 2213 πολλοὺς
959 2140 1020 2219 μὲν
1035 2146 1096 2214 τοῖς
1114 2137 1219 2224 ξίφεσι

203 2288 226 2324 1.
246 2268 286 2341 άμ
313 2265 431 2324 latitia
447 2271 477 2321 ll.
555 2266 644 2328 εάθάς
661 2267 852 2339 άπεχιάρει-
873 2266 970 2320 οἴκαδε
1000 2270 1102 2333 ἵκηται.
1130 2268 1219 2322 Pluri-

199 2357 274 2394 mum
287 2288 318 2393 ἶ.
338 2341 357 2392 l.
376 2342 411 2393 ab
429 2358 461 2393 ea
475 2342 635 2393 recensione
653 2358 732 2410 quam
750 2338 836 2408 Lnga.
856 2338 976 2403 exhibet,
997 2340 1044 2391 illa
1063 2339 1121 2390 abit
1141 2356 1221 2409 quarn

201 2411 232 2464 lt.
251 2418 280 2463 et
296 2412 380 2482 lntpr.
401 2412 563 2482 exprimunt
598 2410 666 2463 Nam
686 2411 756 2481 vulg.
785 2407 897 2479 quidem
914 2408 980 2461 haec
1005 2410 1104 2461 habet:
1134 2405 1221 2466 ειλθάς
1277 2430 1278 2436 ’

202 2479 356 2551 άπεχιόρει,
371 2484 592 2551 βεβουλευμένον
609 2481 693 2550 αὐτῷ,
710 2477 833 2533 ἐπειδάν
852 2479 1054 2550 ἀσφαλέστατα
1075 2475 1126 2544 τὴν
1142 2481 1222 2533 λείαν

207 2550 363 2623 διακομίση
378 2556 426 2604 καὶ
447 2551 547 2606 οἴκαδε
567 2552 679 2616 ἵκηταιι
699 2567 770 2621 quae
789 2568 839 2620 per
859 2568 887 2602 se
907 2559 1040 2621 spectata,
1064 2552 1110 2603 vix
1128 2567 1222 2619 repre·

204 2620 347 2674 henderes.
400 2624 429 2673 ll.
448 2631 555 2685 sutem,
578 2639 661 2692 quum
684 2623 889 2692 praestantioris
920 2623 1086 2673 recensionis
1106 2622 1222 2690 vestigia

206 2684 360 2752 conservet,
388 2692 469 2761 longe
491 2695 660 2760 corruptiore
684 2692 816 2753 exhibet,
835 2693 938 2742 cunctis
956 2692 990 2742 ab
1011 2689 1155 2761 α’πεχιάρει
1172 2709 1221 2743 us-

207 2778 261 2832 que
281 2761 316 2812 ad
333 2759 533 2830 άσφαλέστατα
556 2763 838 2824 νοαυλιυλίοοιυὶιείε,
858 2763 919 2814 aliis
931 2764 1113 2832 transpositis:
1133 2757 1223 2818 εάθάς

206 2827 263 2895 τήν
276 2832 355 2882 λείαν
373 2829 526 2901 διακυμλση
543 2829 672 2900 ἠπείγετο
693 2831 730 2887 οἷς
753 2828 791 2884 δν
808 2834 856 2882 καὶ
872 2829 969 2884 οἴκαδε
996 2835 1096 2896 ῗκηται.
1133 2833 1222 2883 luter-

206 2917 270 2970 pres
287 2899 418 2969 denique,
435 2902 608 2969 integerrimo
627 2901 720 2952 codiee
733 2918 814 2962 usus,
832 2901 891 2952 sine
910 2901 967 2953 ullo
986 2903 1082 2954 erroris
1100 2903 1223 2967 periculo

207 2972 243 3023 nd
263 2972 404 3022 veritatem
422 2968 515 3032 ducit,
542 2971 606 3022 dum
625 2973 665 3023 sic
681 2972 777 3024 vertit:
797 2971 947 3023 Leutlrares
968 2972 1062 3038 itaque
1081 2989 1140 3023 cum
1152 2984 1224 3026 cete-

206 3043 248 3096 ris
266 3041 344 3094 circa
360 3057 387 3094 sc
408 3042 496 3112 copiis
511 3039 644 3109 praedam
662 3058 766 3094 omnem
784 3059 867 3111 quam
883 3041 999 3111 primum
1010 3057 1100 3093 secum
1115 3039 1226 3110 deferre

207 3109 400 3174 accelerabat,
419 3124 445 3164 ct
464 3109 571 3162 domum
586 3109 757 3164 comendare.
828 3112 851 3162 3.
871 3105 961 3167 stela
987 3110 1048 3161 adsi.
1071 3127 1104 3160 ex
1123 3111 1151 3158 lt.
1188 3109 1226 3166 οἷς

208 3183 258 3245 lt,
275 3182 304 3238 ἐς
322 3183 393 3251 vulg.
464 3183 489 3234 6.
509 3178 597 3244 νεάτην
614 3181 665 3232 ins.
684 3197 725 3231 ex.
748 3179 778 3229 li.
800 3186 827 3230 ct
844 3179 928 3247 Iutpr.
954 3178 1049 3232 eadem
1069 3180 1129 3231 via.
1201 3197 1225 3248 η.

209 3253 352 3316 Πικηνυά.
377 3252 423 3303 Sic
440 3252 469 3302 li.
485 3258 515 3303 et
532 3252 627 3320 lntpr.‚
648 3250 717 3319 vulg.
735 3249 850 3312 πυκνῆς.
870 3249 948 3300 Vulc.
970 3249 1038 3300 coni.
1059 3248 1186 3312 Πικένης
1205 3267 1224 3300 s.

209 3324 408 3388 Πευκεντένης.
479 3338 505 3391 ρ
523 3320 634 3373 ἔστελλε
653 3321 693 3383 R,
704 3317 811 3372 ἔστειλε
829 3319 900 3388 vulg.
958 3336 995 3372 rr.
1010 3316 1227 3390 ἀμυνουμένους

212 3389 263 3453 GL,
281 3389 480 3465 ἀμυνομένους
517 3392 547 3442 ll.
566 3399 595 3443 et
617 3391 687 3460 vulg.
743 3386 855 3455 Οδλδαχ
874 3391 903 3441 ii.
921 3395 949 3440 et
970 3391 1063 3456 lntpr.‚
1084 3386 1229 3458 Οδλδάχης

210 3460 284 3529 vulg,
336 3464 375 3516 15.
393 3452 427 3530 δά
443 3456 497 3519 οὖν
508 3459 677 3531 ltetLugt,
695 3452 790 3514 δλοάν
804 3457 865 3512 cdd.
933 3461 972 3513 16.
991 3459 1119 3514 Ἰωνικοῦ
1127 3461 1156 3510 u.

141 3579 186 3632 bil
204 3575 316 3646 quidem
329 3579 434 3632 adversi
455 3578 491 3634 ad
512 3581 641 3634 Picenum
654 3595 746 3649 agrum
770 3595 857 3647 usque
872 3577 984 3630 accidit:
1003 3593 1063 3630 cum
1080 3583 1170 3630 sutem
1193 3593 1225 3629 eo

143 3664 300 3720 progressus
317 3653 503 3716 pervenisset,
521 3653 579 3721 ipse
590 3651 701 3721 quidem
718 3650 788 3700 circa
801 3650 905 3700 Fanum
919 3648 1013 3700 urbem
1033 3657 1118 3699 castra
1140 3653 1226 3698 meta·

147 3727 191 3771 tus
209 3725 262 3783 est3
284 3719 387 3770 emissis
405 3722 486 3771 etiam
506 3722 609 3784 statim,
629 3738 678 3773 suo
690 3735 782 3783 more,
809 3719 1029 3788 praecursoribus
1049 3724 1078 3768 et
1104 3718 1228 3786 specula-

145 3788 252 3840 toribus
269 3788 304 3841 ad
322 3789 374 3840 tria
391 3788 531 3841 homiuum
548 3792 650 3854 millia,
670 3791 718 3859 qui
736 3806 793 3840 uon
804 3791 892 3840 solum
905 3789 1039 3840 anteriora
1051 3786 1111 3844 loca
1130 3787 1226 3856 explo-

146 3865 251 3920 rarent,
266 3859 331 3921 sed,
348 3858 437 3910 sicubi
454 3857 545 3912 hostes
563 3868 765 3929 comparerent,
788 3859 974 3928 profligarent:
994 3855 1141 3908 Artabaues
1159 3863 1190 3909 ie
1202 3875 1233 3910 ro

148 3935 176 3980 et
193 3927 295 3980 Uldach
320 3929 368 3979 ille
394 3928 517 3990 Hunnus,
541 3932 661 4000 quicum
679 3930 798 3980 exercitu
815 3931 932 3979 Romano
944 3927 1045 3994 pariter
1059 3926 1233 3979 etHunnico

147 3997 183 4048 ad
198 3998 337 4050 Pisaurum
349 3997 445 4052 urbem
460 3999 569 4050 collecti
594 4007 689 4059 erant,
712 3998 820 4049 insidiis
837 3999 868 4048 in
888 3997 1001 4047 transitu
1018 3997 1176 4060 collocatis,
1194 3996 1234 4059 bi,

149 4068 276 4136 inquam,
293 4084 481 4138 praecursores
494 4067 558 4120 illos
572 4068 741 4136 conspicati,
756 4067 787 4116 in
807 4067 866 4135 ipso
889 4067 976 4117 Ionici
995 4067 1069 4119 sinus
1090 4068 1186 4119 littore
1208 4076 1237 4118 et

150 4137 291 4205 crepidine
307 4149 420 4203 euntes,
438 4140 536 4208 egressi
552 4138 640 4201 urbe,
667 4137 806 4205 aciequeo
828 4139 893 4188 time
906 4138 1035 4188 instructa
1047 4138 1189 4189 confertim
1205 4138 1236 4187 in

151 4223 200 4259 eos
217 4209 341 4274 irruunt,
360 4227 392 4264 ac
404 4209 505 4264 multos
517 4208 629 4281 quidem
641 4203 737 4278 gladiis
754 4153 897 4261 escientes
914 4207 1071 4279 trucidant,
1087 4225 1144 4262 uon
1156 4206 1236 4278 pauci
