<?xml version="1.0" encoding="UTF-8"?>
<!DOCTYPE html PUBLIC "-//W3C//DTD XHTML 1.0 Transitional//EN"
    "http://www.w3.org/TR/xhtml1/DTD/xhtml1-transitional.dtd">
<html xmlns="http://www.w3.org/1999/xhtml" xml:lang="en" lang="en">
 <head>
  <title>
</title>
<meta http-equiv="Content-Type" content="text/html;charset=utf-8" />
  <meta name='ocr-system' content='tesseract 3.04.00' />
  <meta name='ocr-capabilities' content='ocr_page ocr_carea ocr_par ocr_line ocrx_word'/>
</head>
<body>
  <div class='ocr_page' id='page_1' title='image "./corpusscriptoru31theogoog/corpusscriptoru31theogoog_0192.png"; bbox 0 0 3109 4950; ppageno 0'>
   <div class='ocr_carea' id='block_1_1' title="bbox 307 280 962 376">
    <p class='ocr_par' dir='ltr' id='par_1_1' title="bbox 307 280 962 376">
     <span class='ocr_line' id='line_1_1' title="bbox 307 280 962 376; baseline 0.008 -8"><span class='ocrx_word' id='word_1_1' title='bbox 307 280 387 369; x_wconf 81' lang='lat'>128</span> <span class='ocrx_word' id='word_1_2' title='bbox 752 306 962 376; x_wconf 73' lang='lat' dir='ltr'>scamas</span> 
     </span>
    </p>
   </div>
   <div class='ocr_carea' id='block_1_2' title="bbox 157 470 1484 2342">
    <p class='ocr_par' dir='ltr' id='par_1_2' title="bbox 157 470 1484 566">
     <span class='ocr_line' id='line_1_2' title="bbox 157 470 1484 566; baseline -0.004 -20"><span class='ocrx_word' id='word_1_3' title='bbox 157 477 228 539; x_wconf 64' lang='lat' dir='ltr'>Mi</span> <span class='ocrx_word' id='word_1_4' title='bbox 244 476 432 564; x_wconf 67' lang='grc' dir='ltr'><strong><em>ὅὸλβιβλίαν</em></strong></span> <span class='ocrx_word' id='word_1_5' title='bbox 454 474 567 566; x_wconf 83' lang='grc' dir='ltr'><strong><em>ἥμενος</em></strong></span> <span class='ocrx_word' id='word_1_6' title='bbox 585 478 809 564; x_wconf 77' lang='grc' dir='ltr'><strong><em>πωλητηρίοις,</em></strong></span> <span class='ocrx_word' id='word_1_7' title='bbox 830 473 1056 561; x_wconf 70' lang='grc' dir='ltr'><strong><em>διεπληπίζειο</em></strong></span> <span class='ocrx_word' id='word_1_8' title='bbox 1080 470 1136 538; x_wconf 76' lang='grc' dir='ltr'>καί</span> <span class='ocrx_word' id='word_1_9' title='bbox 1157 474 1379 562; x_wconf 68' lang='grc' dir='ltr'><strong><em>ύμεχσλργύρει</em></strong></span> <span class='ocrx_word' id='word_1_10' title='bbox 1480 474 1484 479; x_wconf 75' lang='grc'><strong>’</strong></span> 
     </span>
    </p>

    <p class='ocr_par' dir='ltr' id='par_1_3' title="bbox 191 550 1379 763">
     <span class='ocr_line' id='line_1_3' title="bbox 191 550 1379 664; baseline -0.005 -20"><span class='ocrx_word' id='word_1_11' title='bbox 191 550 212 605; x_wconf 69' lang='lat'>¹·</span> <span class='ocrx_word' id='word_1_12' title='bbox 225 550 247 606; x_wconf 65' lang='grc' dir='ltr'>ι’</span> <span class='ocrx_word' id='word_1_13' title='bbox 258 551 292 604; x_wconf 74' lang='lat'>²⁸</span> <span class='ocrx_word' id='word_1_14' title='bbox 300 576 378 664; x_wconf 82' lang='grc' dir='ltr'><strong><em>πρὸς</em></strong></span> <span class='ocrx_word' id='word_1_15' title='bbox 388 574 465 654; x_wconf 86' lang='grc' dir='ltr'><strong><em>τούς</em></strong></span> <span class='ocrx_word' id='word_1_16' title='bbox 480 576 597 643; x_wconf 83' lang='grc' dir='ltr'><strong><em>αύτύθι</em></strong></span> <span class='ocrx_word' id='word_1_17' title='bbox 609 578 842 663; x_wconf 79' lang='grc' dir='ltr'><strong><em>α’μειρομένους,</em></strong></span> <span class='ocrx_word' id='word_1_18' title='bbox 856 578 913 639; x_wconf 78' lang='grc' dir='ltr'>καί</span> <span class='ocrx_word' id='word_1_19' title='bbox 924 577 1026 638; x_wconf 86' lang='grc' dir='ltr'><strong><em>ταύτα</em></strong></span> <span class='ocrx_word' id='word_1_20' title='bbox 1041 570 1082 657; x_wconf 76' lang='grc' dir='ltr'>δὴ</span> <span class='ocrx_word' id='word_1_21' title='bbox 1097 570 1139 637; x_wconf 83' lang='grc' dir='ltr'>τύ</span> <span class='ocrx_word' id='word_1_22' title='bbox 1146 575 1311 656; x_wconf 73' lang='grc' dir='ltr'><strong><em>εἰθισμένα</em></strong></span> <span class='ocrx_word' id='word_1_23' title='bbox 1318 576 1379 661; x_wconf 57' lang='lat' dir='ltr'>,iq-</span> 
     </span>
     <span class='ocr_line' id='line_1_4' title="bbox 297 670 1379 763; baseline -0.006 -20"><span class='ocrx_word' id='word_1_24' title='bbox 297 678 397 761; x_wconf 87' lang='grc' dir='ltr'><strong><em>μύτια</em></strong></span> <span class='ocrx_word' id='word_1_25' title='bbox 414 678 473 743; x_wconf 83' lang='grc' dir='ltr'>τού</span> <span class='ocrx_word' id='word_1_26' title='bbox 488 680 658 763; x_wconf 84' lang='grc' dir='ltr'><strong><em>κρείττονος</em></strong></span> <span class='ocrx_word' id='word_1_27' title='bbox 676 678 748 762; x_wconf 81' lang='grc' dir='ltr'><strong><em>πέρι</em></strong></span> <span class='ocrx_word' id='word_1_28' title='bbox 765 674 1025 755; x_wconf 81' lang='grc' dir='ltr'><strong><em>ύνακουλούντας,</em></strong></span> <span class='ocrx_word' id='word_1_29' title='bbox 1050 670 1158 737; x_wconf 74' lang='lat' dir='ltr'>tuctur</span> <span class='ocrx_word' id='word_1_30' title='bbox 1175 672 1215 756; x_wconf 77' lang='grc' dir='ltr'>δή</span> <span class='ocrx_word' id='word_1_31' title='bbox 1227 698 1259 737; x_wconf 89' lang='grc' dir='ltr'>τι</span> <span class='ocrx_word' id='word_1_32' title='bbox 1269 674 1379 751; x_wconf 83' lang='grc' dir='ltr'><strong><em>αύτοϊς</em></strong></span> 
     </span>
    </p>

    <p class='ocr_par' dir='ltr' id='par_1_4' title="bbox 298 767 1380 863">
     <span class='ocr_line' id='line_1_5' title="bbox 298 767 1380 863; baseline -0.002 -22"><span class='ocrx_word' id='word_1_33' title='bbox 298 770 365 863; x_wconf 76' lang='grc' dir='ltr'>ἥτε</span> <span class='ocrx_word' id='word_1_34' title='bbox 380 775 476 863; x_wconf 83' lang='grc' dir='ltr'><strong><em>φύσις</em></strong></span> <span class='ocrx_word' id='word_1_35' title='bbox 491 774 561 843; x_wconf 70' lang='grc' dir='ltr'><strong><em>ἐστι’</em></strong></span> <span class='ocrx_word' id='word_1_36' title='bbox 572 775 628 855; x_wconf 74' lang='grc' dir='ltr'>καί</span> <span class='ocrx_word' id='word_1_37' title='bbox 644 774 664 861; x_wconf 83' lang='grc' dir='ltr'><em>ἧ</em></span> <span class='ocrx_word' id='word_1_38' title='bbox 679 769 790 857; x_wconf 88' lang='grc' dir='ltr'><strong><em>ούσία,</em></strong></span> <span class='ocrx_word' id='word_1_39' title='bbox 803 772 860 838; x_wconf 81' lang='grc' dir='ltr'>καί</span> <span class='ocrx_word' id='word_1_40' title='bbox 875 772 910 838; x_wconf 85' lang='grc' dir='ltr'>τὸ</span> <span class='ocrx_word' id='word_1_41' title='bbox 928 772 1072 856; x_wconf 76' lang='grc' dir='ltr'><strong><em>παθητὸν</em></strong></span> <span class='ocrx_word' id='word_1_42' title='bbox 1090 775 1146 836; x_wconf 82' lang='grc' dir='ltr'>καί</span> <span class='ocrx_word' id='word_1_43' title='bbox 1159 769 1195 837; x_wconf 83' lang='grc' dir='ltr'>τὸ</span> <span class='ocrx_word' id='word_1_44' title='bbox 1206 767 1380 857; x_wconf 82' lang='grc' dir='ltr'><strong><em>ἆξύγχυτον</em></strong></span> 
     </span>
    </p>

    <p class='ocr_par' dir='ltr' id='par_1_5' title="bbox 269 865 1396 1354">
     <span class='ocr_line' id='line_1_6' title="bbox 299 865 1396 957; baseline -0.005 -18"><span class='ocrx_word' id='word_1_45' title='bbox 299 874 354 939; x_wconf 78' lang='grc' dir='ltr'>καί</span> <span class='ocrx_word' id='word_1_46' title='bbox 368 866 448 939; x_wconf 72' lang='grc' dir='ltr'><strong><em>ἄλλα</em></strong></span> <span class='ocrx_word' id='word_1_47' title='bbox 461 875 574 939; x_wconf 78' lang='lat' dir='ltr'>cocciis.</span> <span class='ocrx_word' id='word_1_48' title='bbox 596 873 715 939; x_wconf 82' lang='grc' dir='ltr'><strong><em>τούτων</em></strong></span> <span class='ocrx_word' id='word_1_49' title='bbox 732 877 793 953; x_wconf 76' lang='grc' dir='ltr'>μἐν</span> <span class='ocrx_word' id='word_1_50' title='bbox 811 865 869 937; x_wconf 88' lang='grc' dir='ltr'>σύν</span> <span class='ocrx_word' id='word_1_51' title='bbox 886 868 1066 935; x_wconf 76' lang='grc' dir='ltr'><strong><em>οἱπλεῖστοι</em></strong></span> <span class='ocrx_word' id='word_1_52' title='bbox 1082 872 1159 935; x_wconf 80' lang='grc' dir='ltr'><strong><em>ούύὲ</em></strong></span> <span class='ocrx_word' id='word_1_53' title='bbox 1174 872 1210 947; x_wconf 83' lang='grc' dir='ltr'>ἔς</span> <span class='ocrx_word' id='word_1_54' title='bbox 1227 879 1396 957; x_wconf 66' lang='lat' dir='ltr'>ypapante-5</span> 
     </span>
     <span class='ocr_line' id='line_1_7' title="bbox 299 964 1379 1059; baseline -0.006 -21"><span class='ocrx_word' id='word_1_55' title='bbox 299 974 415 1053; x_wconf 86' lang='grc' dir='ltr'><strong><em>τιοτού,</em></strong></span> <span class='ocrx_word' id='word_1_56' title='bbox 429 966 525 1054; x_wconf 78' lang='grc' dir='ltr'><strong><em>οἶμαι,</em></strong></span> <span class='ocrx_word' id='word_1_57' title='bbox 536 972 748 1057; x_wconf 73' lang='grc' dir='ltr'><strong><em>φοιτήσαντες,</em></strong></span> <span class='ocrx_word' id='word_1_58' title='bbox 758 966 833 1035; x_wconf 74' lang='lat' dir='ltr'>citt</span> <span class='ocrx_word' id='word_1_59' title='bbox 846 968 911 1053; x_wconf 75' lang='grc' dir='ltr'>μὴν</span> <span class='ocrx_word' id='word_1_60' title='bbox 920 971 979 1059; x_wconf 78' lang='grc' dir='ltr'><strong><em>βίερ</em></strong></span> <span class='ocrx_word' id='word_1_61' title='bbox 993 964 1379 1058; x_wconf 71' lang='grc' dir='ltr'><strong><em>ἅρύιτῳέκύεύιῃτημένοι,</em></strong></span> 
     </span>
     <span class='ocr_line' id='line_1_8' title="bbox 300 1066 1377 1159; baseline -0.004 -24"><span class='ocrx_word' id='word_1_62' title='bbox 300 1066 409 1135; x_wconf 69' lang='grc' dir='ltr'><strong><em>ἔπειτα</em></strong></span> <span class='ocrx_word' id='word_1_63' title='bbox 429 1069 541 1159; x_wconf 74' lang='grc' dir='ltr'><strong><em>ῥᾴδιόν</em></strong></span> <span class='ocrx_word' id='word_1_64' title='bbox 565 1096 596 1135; x_wconf 88' lang='grc' dir='ltr'>τι</span> <span class='ocrx_word' id='word_1_65' title='bbox 619 1066 766 1154; x_wconf 75' lang='grc' dir='ltr'><strong><em>ἡγοῦνται</em></strong></span> <span class='ocrx_word' id='word_1_66' title='bbox 784 1068 839 1134; x_wconf 79' lang='grc' dir='ltr'>καί</span> <span class='ocrx_word' id='word_1_67' title='bbox 856 1066 1118 1156; x_wconf 76' lang='grc' dir='ltr'><strong><em>προχειρότατον,</em></strong></span> <span class='ocrx_word' id='word_1_68' title='bbox 1145 1067 1377 1152; x_wconf 79' lang='grc' dir='ltr'><strong><em>ύπερβύθμιον,</em></strong></span> 
     </span>
     <span class='ocr_line' id='line_1_9' title="bbox 269 1162 1379 1253; baseline -0.007 -17"><span class='ocrx_word' id='word_1_69' title='bbox 269 1166 338 1237; x_wconf 84' lang='grc' dir='ltr'>1)τό</span> <span class='ocrx_word' id='word_1_70' title='bbox 353 1164 537 1252; x_wconf 81' lang='grc' dir='ltr'><strong><em>λεγόμενον,</em></strong></span> <span class='ocrx_word' id='word_1_71' title='bbox 566 1165 647 1233; x_wconf 74' lang='lat' dir='ltr'>nita</span> <span class='ocrx_word' id='word_1_72' title='bbox 662 1172 791 1250; x_wconf 79' lang='grc' dir='ltr'><strong><em>τείνειν,</em></strong></span> <span class='ocrx_word' id='word_1_73' title='bbox 813 1167 869 1233; x_wconf 78' lang='grc' dir='ltr'>καί</span> <span class='ocrx_word' id='word_1_74' title='bbox 881 1169 1043 1251; x_wconf 73' lang='grc' dir='ltr'><strong><em>θεολογίας</em></strong></span> <span class='ocrx_word' id='word_1_75' title='bbox 1060 1162 1260 1253; x_wconf 76' lang='grc' dir='ltr'><strong><em>ἐφάπτεσθαι</em></strong></span> <span class='ocrx_word' id='word_1_76' title='bbox 1265 1217 1276 1247; x_wconf 95' lang='grc'><strong><em>,</em></strong></span> <span class='ocrx_word' id='word_1_77' title='bbox 1295 1166 1379 1251; x_wconf 87' lang='grc' dir='ltr'><strong><em>πρύ-</em></strong></span> 
     </span>
     <span class='ocr_line' id='line_1_10' title="bbox 297 1258 1378 1354; baseline -0.004 -23"><span class='ocrx_word' id='word_1_78' title='bbox 297 1290 414 1353; x_wconf 85' lang='grc' dir='ltr'><strong><em>μματος</em></strong></span> <span class='ocrx_word' id='word_1_79' title='bbox 434 1262 515 1331; x_wconf 85' lang='grc' dir='ltr'><strong><em>ούτεο</em></strong></span> <span class='ocrx_word' id='word_1_80' title='bbox 531 1272 690 1354; x_wconf 83' lang='grc' dir='ltr'><strong><em>μακαρίου</em></strong></span> <span class='ocrx_word' id='word_1_81' title='bbox 707 1291 742 1333; x_wconf 89' lang='grc' dir='ltr'>τε</span> <span class='ocrx_word' id='word_1_82' title='bbox 759 1265 815 1333; x_wconf 82' lang='grc' dir='ltr'>καί</span> <span class='ocrx_word' id='word_1_83' title='bbox 828 1262 996 1353; x_wconf 73' lang='grc' dir='ltr'><strong><em>ἀνεφίκτου</em></strong></span> <span class='ocrx_word' id='word_1_84' title='bbox 1005 1317 1016 1348; x_wconf 93' lang='grc'><strong><em>,</em></strong></span> <span class='ocrx_word' id='word_1_85' title='bbox 1044 1268 1099 1330; x_wconf 84' lang='grc' dir='ltr'>καί</span> <span class='ocrx_word' id='word_1_86' title='bbox 1108 1265 1252 1347; x_wconf 80' lang='grc' dir='ltr'><strong><em>μείζονος</em></strong></span> <span class='ocrx_word' id='word_1_87' title='bbox 1268 1258 1289 1349; x_wconf 83' lang='grc' dir='ltr'><em>ἢ</em></span> <span class='ocrx_word' id='word_1_88' title='bbox 1307 1266 1378 1327; x_wconf 63' lang='grc' dir='ltr'><strong><em>κατ’</em></strong></span> 
     </span>
    </p>

    <p class='ocr_par' dir='ltr' id='par_1_6' title="bbox 297 1363 1417 1847">
     <span class='ocr_line' id='line_1_11' title="bbox 297 1363 1417 1457; baseline -0.007 -25"><span class='ocrx_word' id='word_1_89' title='bbox 297 1368 502 1453; x_wconf 70' lang='grc' dir='ltr'><strong><em>ἀνθρώπους,</em></strong></span> <span class='ocrx_word' id='word_1_90' title='bbox 522 1364 580 1431; x_wconf 79' lang='grc' dir='ltr'>καί</span> <span class='ocrx_word' id='word_1_91' title='bbox 591 1363 675 1454; x_wconf 84' lang='grc' dir='ltr'><strong><em>μόνιρ</em></strong></span> <span class='ocrx_word' id='word_1_92' title='bbox 712 1369 757 1457; x_wconf 75' lang='grc' dir='ltr'>τῷ</span> <span class='ocrx_word' id='word_1_93' title='bbox 775 1367 955 1450; x_wconf 74' lang='grc' dir='ltr'><strong><em>ἀγνοεῖσθαι</em></strong></span> <span class='ocrx_word' id='word_1_94' title='bbox 976 1366 1232 1447; x_wconf 77' lang='grc' dir='ltr'><strong><em>θαυμαζομένου.</em></strong></span> <span class='ocrx_word' id='word_1_95' title='bbox 1251 1363 1417 1446; x_wconf 69' lang='grc' dir='ltr'><strong><em>τοιγάρ-ιο</em></strong></span> 
     </span>
     <span class='ocr_line' id='line_1_12' title="bbox 297 1458 1376 1551; baseline -0.009 -18"><span class='ocrx_word' id='word_1_96' title='bbox 297 1489 346 1533; x_wconf 91' lang='grc' dir='ltr'>τοι</span> <span class='ocrx_word' id='word_1_97' title='bbox 359 1466 399 1531; x_wconf 81' lang='grc' dir='ltr'>τύ</span> <span class='ocrx_word' id='word_1_98' title='bbox 419 1462 517 1529; x_wconf 74' lang='grc' dir='ltr'><strong><em>πολλοὶ</em></strong></span> <span class='ocrx_word' id='word_1_99' title='bbox 535 1463 610 1551; x_wconf 85' lang='grc' dir='ltr'><strong><em>περί</em></strong></span> <span class='ocrx_word' id='word_1_100' title='bbox 625 1464 730 1551; x_wconf 77' lang='grc' dir='ltr'><strong><em>δείλην</em></strong></span> <span class='ocrx_word' id='word_1_101' title='bbox 750 1460 846 1549; x_wconf 78' lang='grc' dir='ltr'><strong><em>ὀψίαν</em></strong></span> <span class='ocrx_word' id='word_1_102' title='bbox 863 1462 926 1530; x_wconf 79' lang='lat' dir='ltr'>ciui</span> <span class='ocrx_word' id='word_1_103' title='bbox 951 1462 1210 1550; x_wconf 40' lang='grc' dir='ltr'><strong><em>κραιπάλης,,ο5ς</em></strong></span> <span class='ocrx_word' id='word_1_104' title='bbox 1230 1459 1264 1528; x_wconf 82' lang='grc' dir='ltr'>τύ</span> <span class='ocrx_word' id='word_1_105' title='bbox 1285 1458 1376 1542; x_wconf 80' lang='grc' dir='ltr'><strong><em>εἰκὸς,</em></strong></span> 
     </span>
     <span class='ocr_line' id='line_1_13' title="bbox 298 1558 1377 1649; baseline -0.005 -19"><span class='ocrx_word' id='word_1_106' title='bbox 298 1563 354 1630; x_wconf 79' lang='grc' dir='ltr'>καί</span> <span class='ocrx_word' id='word_1_107' title='bbox 376 1558 543 1640; x_wconf 73' lang='grc' dir='ltr'><strong><em>ἀκολασίας</em></strong></span> <span class='ocrx_word' id='word_1_108' title='bbox 570 1562 821 1648; x_wconf 82' lang='grc' dir='ltr'><strong><em>ξυναλιζύμενοι,</em></strong></span> <span class='ocrx_word' id='word_1_109' title='bbox 856 1560 940 1629; x_wconf 85' lang='grc' dir='ltr'><strong><em>ούτω</em></strong></span> <span class='ocrx_word' id='word_1_110' title='bbox 966 1564 1005 1648; x_wconf 77' lang='grc' dir='ltr'>δὴ</span> <span class='ocrx_word' id='word_1_111' title='bbox 1029 1567 1065 1629; x_wconf 78' lang='grc' dir='ltr'>ἐκ</span> <span class='ocrx_word' id='word_1_112' title='bbox 1091 1565 1151 1629; x_wconf 82' lang='grc' dir='ltr'>τού</span> <span class='ocrx_word' id='word_1_113' title='bbox 1178 1562 1377 1649; x_wconf 86' lang='grc' dir='ltr'><strong><em>παρείκοντος</em></strong></span> 
     </span>
     <span class='ocr_line' id='line_1_14' title="bbox 297 1660 1378 1751; baseline -0.005 -22"><span class='ocrx_word' id='word_1_114' title='bbox 297 1665 425 1729; x_wconf 77' lang='grc' dir='ltr'><strong><em>ἐκείνων</em></strong></span> <span class='ocrx_word' id='word_1_115' title='bbox 448 1664 511 1727; x_wconf 75' lang='grc' dir='ltr'>τῶν</span> <span class='ocrx_word' id='word_1_116' title='bbox 534 1662 713 1750; x_wconf 82' lang='grc' dir='ltr'><strong><em>ύπερτίραν</em></strong></span> <span class='ocrx_word' id='word_1_117' title='bbox 730 1660 926 1751; x_wconf 84' lang='grc' dir='ltr'><strong><em>α’πύρχονται</em></strong></span> <span class='ocrx_word' id='word_1_118' title='bbox 946 1661 1045 1748; x_wconf 85' lang='grc' dir='ltr'><strong><em>λύγων</em></strong></span> <span class='ocrx_word' id='word_1_119' title='bbox 1062 1666 1119 1728; x_wconf 82' lang='grc' dir='ltr'>καί</span> <span class='ocrx_word' id='word_1_120' title='bbox 1143 1660 1298 1747; x_wconf 79' lang='grc' dir='ltr'><strong><em>ζητήσεως</em></strong></span> <span class='ocrx_word' id='word_1_121' title='bbox 1319 1666 1378 1725; x_wconf 86' lang='grc' dir='ltr'>θε-</span> 
     </span>
     <span class='ocr_line' id='line_1_15' title="bbox 298 1751 1376 1847; baseline -0.006 -19"><span class='ocrx_word' id='word_1_122' title='bbox 298 1761 447 1841; x_wconf 88' lang='grc' dir='ltr'><strong><em>σπεσίας,</em></strong></span> <span class='ocrx_word' id='word_1_123' title='bbox 468 1751 526 1825; x_wconf 79' lang='lat' dir='ltr'>ciel</span> <span class='ocrx_word' id='word_1_124' title='bbox 541 1784 574 1825; x_wconf 87' lang='grc' dir='ltr'>τε</span> <span class='ocrx_word' id='word_1_125' title='bbox 589 1759 663 1847; x_wconf 78' lang='grc' dir='ltr'><strong><em>περὶ</em></strong></span> <span class='ocrx_word' id='word_1_126' title='bbox 676 1759 777 1827; x_wconf 81' lang='grc' dir='ltr'><strong><em>ταύτὰ</em></strong></span> <span class='ocrx_word' id='word_1_127' title='bbox 800 1765 1092 1846; x_wconf 85' lang='grc' dir='ltr'><strong><em>στενολεσχούντες,</em></strong></span> <span class='ocrx_word' id='word_1_128' title='bbox 1121 1754 1194 1826; x_wconf 70' lang='lat' dir='ltr'>orire</span> <span class='ocrx_word' id='word_1_129' title='bbox 1213 1762 1376 1824; x_wconf 87' lang='grc' dir='ltr'><strong><em>πείθονται</em></strong></span> 
     </span>
    </p>

    <p class='ocr_par' dir='ltr' id='par_1_7' title="bbox 223 1849 1417 2342">
     <span class='ocr_line' id='line_1_16' title="bbox 296 1849 1417 1944; baseline 0.002 -20"><span class='ocrx_word' id='word_1_130' title='bbox 296 1854 359 1924; x_wconf 71' lang='lat' dir='ltr'>sint</span> <span class='ocrx_word' id='word_1_131' title='bbox 368 1859 468 1944; x_wconf 76' lang='grc' dir='ltr'><strong><em>σφῶν,</em></strong></span> <span class='ocrx_word' id='word_1_132' title='bbox 491 1849 559 1923; x_wconf 80' lang='grc' dir='ltr'><strong><em>σύτο</em></strong></span> <span class='ocrx_word' id='word_1_133' title='bbox 575 1850 960 1942; x_wconf 75' lang='grc' dir='ltr'><strong><em>οἷλλωςμοταμανθύνουσι</em></strong></span> <span class='ocrx_word' id='word_1_134' title='bbox 972 1859 1012 1926; x_wconf 80' lang='grc' dir='ltr'>τύ</span> <span class='ocrx_word' id='word_1_135' title='bbox 1021 1861 1270 1944; x_wconf 77' lang='grc' dir='ltr'><strong><em>προεμνοοσμίνα,</em></strong></span> <span class='ocrx_word' id='word_1_136' title='bbox 1282 1854 1417 1930; x_wconf 68' lang='lat' dir='ltr'>instent</span> 
     </span>
     <span class='ocr_line' id='line_1_17' title="bbox 297 1946 1376 2043; baseline -0.002 -22"><span class='ocrx_word' id='word_1_137' title='bbox 297 1947 378 2021; x_wconf 76' lang='lat' dir='ltr'>circo</span> <span class='ocrx_word' id='word_1_138' title='bbox 397 1956 454 2022; x_wconf 80' lang='lat' dir='ltr'>stoi</span> <span class='ocrx_word' id='word_1_139' title='bbox 468 1957 593 2040; x_wconf 75' lang='grc' dir='ltr'><strong><em>τύχοιεν</em></strong></span> <span class='ocrx_word' id='word_1_140' title='bbox 611 1946 695 2024; x_wconf 80' lang='grc' dir='ltr'><strong><em>ύντα.</em></strong></span> <span class='ocrx_word' id='word_1_141' title='bbox 729 1956 853 2043; x_wconf 78' lang='grc' dir='ltr'><strong><em>ἔχονται</em></strong></span> <span class='ocrx_word' id='word_1_142' title='bbox 878 1962 914 2025; x_wconf 78' lang='grc' dir='ltr'>δὲ</span> <span class='ocrx_word' id='word_1_143' title='bbox 938 1956 1106 2034; x_wconf 79' lang='grc' dir='ltr'><strong><em>διαπαντὸς</em></strong></span> <span class='ocrx_word' id='word_1_144' title='bbox 1131 1957 1196 2023; x_wconf 70' lang='grc' dir='ltr'><strong><em>τοῖν</em></strong></span> <span class='ocrx_word' id='word_1_145' title='bbox 1219 1953 1376 2020; x_wconf 61' lang='lat' dir='ltr'>atrum</span> 
     </span>
     <span class='ocr_line' id='line_1_18' title="bbox 297 2052 1375 2144; baseline 0.001 -26"><span class='ocrx_word' id='word_1_146' title='bbox 297 2053 402 2137; x_wconf 84' lang='grc' dir='ltr'><strong><em>αύτοί,</em></strong></span> <span class='ocrx_word' id='word_1_147' title='bbox 433 2052 489 2119; x_wconf 79' lang='grc' dir='ltr'>καί</span> <span class='ocrx_word' id='word_1_148' title='bbox 515 2059 715 2134; x_wconf 74' lang='grc' dir='ltr'><strong><em>τελευτῶντες</em></strong></span> <span class='ocrx_word' id='word_1_149' title='bbox 748 2059 808 2144; x_wconf 77' lang='grc' dir='ltr'>τῆς</span> <span class='ocrx_word' id='word_1_150' title='bbox 836 2060 1026 2144; x_wconf 83' lang='grc' dir='ltr'><strong><em>φιλονεικύις</em></strong></span> <span class='ocrx_word' id='word_1_151' title='bbox 1048 2057 1277 2139; x_wconf 90' lang='grc' dir='ltr'><strong><em>χαλεπαίνουσι</em></strong></span> <span class='ocrx_word' id='word_1_152' title='bbox 1305 2059 1375 2119; x_wconf 63' lang='grc' dir='ltr'><strong><em>κατ’</em></strong></span> 
     </span>
     <span class='ocr_line' id='line_1_19' title="bbox 223 2148 1377 2243; baseline 0 -24"><span class='ocrx_word' id='word_1_153' title='bbox 223 2148 463 2239; x_wconf 63' lang='grc' dir='ltr'><strong><em>Ριὺὅοῖλλήλων,</em></strong></span> <span class='ocrx_word' id='word_1_154' title='bbox 483 2150 540 2219; x_wconf 83' lang='grc' dir='ltr'>καί</span> <span class='ocrx_word' id='word_1_155' title='bbox 561 2154 745 2242; x_wconf 75' lang='grc' dir='ltr'><strong><em>ἀναφανδὸν</em></strong></span> <span class='ocrx_word' id='word_1_156' title='bbox 761 2158 1046 2243; x_wconf 78' lang='grc' dir='ltr'><strong><em>ύιαλοιύορούνται,</em></strong></span> <span class='ocrx_word' id='word_1_157' title='bbox 1067 2152 1177 2242; x_wconf 82' lang='grc' dir='ltr'><strong><em>φωνὰς</em></strong></span> <span class='ocrx_word' id='word_1_158' title='bbox 1195 2150 1377 2238; x_wconf 72' lang='grc' dir='ltr'><strong><em>ἀσχήμονας</em></strong></span> 
     </span>
     <span class='ocr_line' id='line_1_20' title="bbox 296 2246 1377 2342; baseline -0.002 -23"><span class='ocrx_word' id='word_1_159' title='bbox 296 2246 442 2341; x_wconf 68' lang='lat' dir='ltr'>cipetum</span> <span class='ocrx_word' id='word_1_160' title='bbox 453 2304 463 2337; x_wconf 90' lang='lat'>,</span> <span class='ocrx_word' id='word_1_161' title='bbox 499 2248 603 2342; x_wconf 68' lang='grc' dir='ltr'><strong><em>ὥσπερ</em></strong></span> <span class='ocrx_word' id='word_1_162' title='bbox 632 2256 667 2321; x_wconf 76' lang='grc' dir='ltr'>ἐν</span> <span class='ocrx_word' id='word_1_163' title='bbox 691 2254 798 2339; x_wconf 78' lang='grc' dir='ltr'><strong><em>κύβοις</em></strong></span> <span class='ocrx_word' id='word_1_164' title='bbox 831 2253 1067 2338; x_wconf 74' lang='grc' dir='ltr'><strong><em>διαμαχόμενοι,</em></strong></span> <span class='ocrx_word' id='word_1_165' title='bbox 1105 2249 1186 2318; x_wconf 86' lang='grc' dir='ltr'><strong><em>ούτοο</em></strong></span> <span class='ocrx_word' id='word_1_166' title='bbox 1212 2277 1247 2317; x_wconf 86' lang='grc' dir='ltr'>τε</span> <span class='ocrx_word' id='word_1_167' title='bbox 1269 2252 1377 2321; x_wconf 85' lang='grc' dir='ltr'><strong><em>λύεται</em></strong></span> 
     </span>
    </p>
   </div>
   <div class='ocr_carea' id='block_1_3' title="bbox 367 2370 1380 2641">
    <p class='ocr_par' dir='ltr' id='par_1_8' title="bbox 367 2370 1380 2641">
     <span class='ocr_line' id='line_1_21' title="bbox 368 2370 1379 2444; baseline -0.006 -15"><span class='ocrx_word' id='word_1_168' title='bbox 368 2375 396 2433; x_wconf 79' lang='grc'>5.</span> <span class='ocrx_word' id='word_1_169' title='bbox 416 2372 581 2429; x_wconf 71' lang='grc' dir='ltr'><strong><em>ἀνακυκλῶν</em></strong></span> <span class='ocrx_word' id='word_1_170' title='bbox 603 2374 792 2444; x_wconf 81' lang='lat' dir='ltr'>Suid.,1ntpr.</span> <span class='ocrx_word' id='word_1_171' title='bbox 816 2370 1027 2431; x_wconf 81' lang='grc' dir='ltr'><strong><em>ύναιιαλοῦντας</em></strong></span> <span class='ocrx_word' id='word_1_172' title='bbox 1049 2372 1147 2443; x_wconf 75' lang='lat' dir='ltr'>legisse</span> <span class='ocrx_word' id='word_1_173' title='bbox 1171 2371 1293 2437; x_wconf 78' lang='lat' dir='ltr'>videtur,</span> <span class='ocrx_word' id='word_1_174' title='bbox 1313 2389 1379 2424; x_wconf 87' lang='lat' dir='ltr'>nam</span> 
     </span>
     <span class='ocr_line' id='line_1_22' title="bbox 367 2440 1380 2519; baseline -0.003 -21"><span class='ocrx_word' id='word_1_175' title='bbox 367 2445 465 2499; x_wconf 82' lang='lat' dir='ltr'>vertit=</span> <span class='ocrx_word' id='word_1_176' title='bbox 495 2445 555 2510; x_wconf 81' lang='lat' dir='ltr'>iris,</span> <span class='ocrx_word' id='word_1_177' title='bbox 587 2444 638 2519; x_wconf 86' lang='lat' dir='ltr'>qni</span> <span class='ocrx_word' id='word_1_178' title='bbox 660 2463 688 2500; x_wconf 83' lang='lat' dir='ltr'>se</span> <span class='ocrx_word' id='word_1_179' title='bbox 713 2446 961 2510; x_wconf 77' lang='lat' dir='ltr'>circumsisterent,</span> <span class='ocrx_word' id='word_1_180' title='bbox 987 2444 1199 2516; x_wconf 81' lang='lat' dir='ltr'>postulantibus.</span> <span class='ocrx_word' id='word_1_181' title='bbox 1302 2440 1380 2512; x_wconf 73' lang='grc' dir='ltr'><strong><em>αύτρΐ</em></strong></span> 
     </span>
     <span class='ocr_line' id='line_1_23' title="bbox 367 2505 1379 2588; baseline -0.006 -16"><span class='ocrx_word' id='word_1_182' title='bbox 367 2517 445 2580; x_wconf 78' lang='lat' dir='ltr'>Pau,</span> <span class='ocrx_word' id='word_1_183' title='bbox 468 2516 552 2584; x_wconf 87' lang='lat' dir='ltr'>Intpr.</span> <span class='ocrx_word' id='word_1_184' title='bbox 572 2517 665 2588; x_wconf 83' lang='lat' dir='ltr'>qualis</span> <span class='ocrx_word' id='word_1_185' title='bbox 686 2533 749 2569; x_wconf 84' lang='lat' dir='ltr'>nom</span> <span class='ocrx_word' id='word_1_186' title='bbox 777 2516 823 2569; x_wconf 83' lang='lat' dir='ltr'>ilii</span> <span class='ocrx_word' id='word_1_187' title='bbox 848 2530 961 2569; x_wconf 81' lang='lat' dir='ltr'>natura.</span> <span class='ocrx_word' id='word_1_188' title='bbox 1038 2514 1064 2582; x_wconf 72' lang='grc' dir='ltr'>ύ.</span> <span class='ocrx_word' id='word_1_189' title='bbox 1089 2505 1120 2568; x_wconf 77' lang='grc' dir='ltr'>τὸ</span> <span class='ocrx_word' id='word_1_190' title='bbox 1140 2522 1203 2568; x_wconf 90' lang='lat' dir='ltr'>ante</span> <span class='ocrx_word' id='word_1_191' title='bbox 1219 2512 1379 2585; x_wconf 71' lang='grc' dir='ltr'><strong><em>ἀξύμχυτον</em></strong></span> 
     </span>
     <span class='ocr_line' id='line_1_24' title="bbox 369 2583 1377 2641; baseline -0.001 -3"><span class='ocrx_word' id='word_1_192' title='bbox 369 2585 451 2640; x_wconf 84' lang='lat' dir='ltr'>inser.</span> <span class='ocrx_word' id='word_1_193' title='bbox 470 2601 504 2638; x_wconf 83' lang='lat' dir='ltr'>ex</span> <span class='ocrx_word' id='word_1_194' title='bbox 522 2589 551 2638; x_wconf 85' lang='lat' dir='ltr'>R.</span> <span class='ocrx_word' id='word_1_195' title='bbox 571 2596 599 2640; x_wconf 90' lang='lat' dir='ltr'>et</span> <span class='ocrx_word' id='word_1_196' title='bbox 620 2585 697 2638; x_wconf 78' lang='lat' dir='ltr'>suit.</span> <span class='ocrx_word' id='word_1_197' title='bbox 792 2589 817 2641; x_wconf 87' lang='grc'>5.</span> <span class='ocrx_word' id='word_1_198' title='bbox 834 2589 882 2637; x_wconf 80' lang='grc' dir='ltr'>καλ</span> <span class='ocrx_word' id='word_1_199' title='bbox 898 2583 968 2637; x_wconf 79' lang='grc' dir='ltr'><strong><em>ἄλλα</em></strong></span> <span class='ocrx_word' id='word_1_200' title='bbox 985 2583 1083 2636; x_wconf 74' lang='grc' dir='ltr'><strong><em>τοιοίδε</em></strong></span> <span class='ocrx_word' id='word_1_201' title='bbox 1101 2602 1153 2638; x_wconf 86' lang='lat' dir='ltr'>om.</span> <span class='ocrx_word' id='word_1_202' title='bbox 1174 2584 1249 2636; x_wconf 88' lang='lat' dir='ltr'>Suid.</span> <span class='ocrx_word' id='word_1_203' title='bbox 1326 2585 1377 2637; x_wconf 87' lang='lat' dir='ltr'>Pro</span> 
     </span>
    </p>
   </div>
   <div class='ocr_carea' id='block_1_4' title="bbox 776 2719 870 2744">
    <p class='ocr_par' dir='ltr' id='par_1_9' title="bbox 776 2719 870 2744">
     <span class='ocr_line' id='line_1_25' title="bbox 776 2719 870 2744; baseline -0.032 0"><span class='ocrx_word' id='word_1_204' title='bbox 776 2719 783 2744; x_wconf 78' lang='lat' dir='ltr'>t</span> <span class='ocrx_word' id='word_1_205' title='bbox 864 2729 870 2741; x_wconf 82' lang='grc' dir='ltr'><strong><em>ι</em></strong></span> 
     </span>
    </p>
   </div>
   <div class='ocr_carea' id='block_1_5' title="bbox 367 2642 1380 2780">
    <p class='ocr_par' dir='ltr' id='par_1_10' title="bbox 367 2642 1380 2780">
     <span class='ocr_line' id='line_1_26' title="bbox 367 2642 1380 2780; baseline 0.001 -72"><span class='ocrx_word' id='word_1_206' title='bbox 367 2655 476 2710; x_wconf 85' lang='grc' dir='ltr'><strong><em>τούτων</em></strong></span> <span class='ocrx_word' id='word_1_207' title='bbox 492 2655 547 2728; x_wconf 72' lang='grc' dir='ltr'>μὲν</span> <span class='ocrx_word' id='word_1_208' title='bbox 566 2649 619 2711; x_wconf 84' lang='grc' dir='ltr'>σύν</span> <span class='ocrx_word' id='word_1_209' title='bbox 634 2655 707 2708; x_wconf 88' lang='lat' dir='ltr'>idem</span> <span class='ocrx_word' id='word_1_210' title='bbox 716 2642 765 2712; x_wconf 73' lang='lat' dir='ltr'>uir.</span> <span class='ocrx_word' id='word_1_211' title='bbox 800 2673 879 2780; x_wconf 72' lang='grc' dir='ltr'><strong><em>γρομ</em></strong></span> <span class='ocrx_word' id='word_1_212' title='bbox 902 2658 1021 2710; x_wconf 80' lang='grc' dir='ltr'><strong><em>ατιστυύ</em></strong></span> <span class='ocrx_word' id='word_1_213' title='bbox 1037 2657 1066 2706; x_wconf 83' lang='lat' dir='ltr'>R.</span> <span class='ocrx_word' id='word_1_214' title='bbox 1084 2655 1168 2726; x_wconf 71' lang='lat' dir='ltr'>Luget</span> <span class='ocrx_word' id='word_1_215' title='bbox 1180 2654 1270 2720; x_wconf 64' lang='lat' dir='ltr'>Suicl„</span> <span class='ocrx_word' id='word_1_216' title='bbox 1284 2671 1380 2730; x_wconf 80' lang='grc' dir='ltr'><strong><em>γραμ-</em></strong></span> 
     </span>
     <span class='ocr_line' id='line_1_27' title="bbox 843 2744 872 2780; baseline 0.069 -2"><span class='ocrx_word' id='word_1_217' title='bbox 843 2744 872 2780; x_wconf 84' lang='grc' dir='ltr'>αι</span> 
     </span>
    </p>
   </div>
   <div class='ocr_carea' id='block_1_6' title="bbox 295 2722 1380 4268">
    <p class='ocr_par' dir='ltr' id='par_1_11' title="bbox 295 2722 1380 4268">
     <span class='ocr_line' id='line_1_28' title="bbox 367 2722 1376 2850; baseline 0.007 -75"><span class='ocrx_word' id='word_1_218' title='bbox 367 2729 493 2796; x_wconf 74' lang='lat' dir='ltr'>parcenti</span> <span class='ocrx_word' id='word_1_219' title='bbox 509 2723 570 2781; x_wconf 81' lang='lat' dir='ltr'><strong>cdd.</strong></span> <span class='ocrx_word' id='word_1_220' title='bbox 650 2726 674 2778; x_wconf 83' lang='grc'>6.</span> <span class='ocrx_word' id='word_1_221' title='bbox 694 2727 806 2850; x_wconf 63' lang='lat' dir='ltr'>culpans·</span> <span class='ocrx_word' id='word_1_222' title='bbox 985 2722 1217 2800; x_wconf 72' lang='grc' dir='ltr'><strong><em>ἐκύεύιρτρμένον</em></strong></span> <span class='ocrx_word' id='word_1_223' title='bbox 1231 2725 1263 2781; x_wconf 76' lang='lat' dir='ltr'>R.</span> <span class='ocrx_word' id='word_1_224' title='bbox 1348 2742 1376 2795; x_wconf 81' lang='lat'>9·</span> 
     </span>
     <span class='ocr_line' id='line_1_29' title="bbox 367 2789 1021 2864; baseline 0.005 -15"><span class='ocrx_word' id='word_1_225' title='bbox 367 2789 454 2860; x_wconf 75' lang='lat' dir='ltr'>riom.</span> <span class='ocrx_word' id='word_1_226' title='bbox 471 2796 500 2848; x_wconf 85' lang='lat' dir='ltr'>R.</span> <span class='ocrx_word' id='word_1_227' title='bbox 573 2794 612 2864; x_wconf 68' lang='lat' dir='ltr'>ri.</span> <span class='ocrx_word' id='word_1_228' title='bbox 630 2796 717 2850; x_wconf 75' lang='grc' dir='ltr'><strong><em>ταῦτα</em></strong></span> <span class='ocrx_word' id='word_1_229' title='bbox 756 2833 764 2852; x_wconf 87' lang='grc'><strong>.</strong></span> <span class='ocrx_word' id='word_1_230' title='bbox 1019 2801 1021 2804; x_wconf 79' lang='grc'>’</span> 
     </span>
     <span class='ocr_line' id='line_1_30' title="bbox 297 2929 1378 3002; baseline -0.003 -18"><span class='ocrx_word' id='word_1_231' title='bbox 297 2930 371 2984; x_wconf 83' lang='lat' dir='ltr'>enim</span> <span class='ocrx_word' id='word_1_232' title='bbox 392 2930 427 2986; x_wconf 84' lang='lat' dir='ltr'>ud</span> <span class='ocrx_word' id='word_1_233' title='bbox 449 2929 545 3002; x_wconf 83' lang='lat' dir='ltr'>palatii</span> <span class='ocrx_word' id='word_1_234' title='bbox 570 2931 691 3002; x_wconf 86' lang='lat' dir='ltr'>porticus</span> <span class='ocrx_word' id='word_1_235' title='bbox 713 2931 870 2996; x_wconf 77' lang='lat' dir='ltr'>ventitans,</span> <span class='ocrx_word' id='word_1_236' title='bbox 888 2936 917 2984; x_wconf 90' lang='lat' dir='ltr'>et</span> <span class='ocrx_word' id='word_1_237' title='bbox 935 2931 965 2984; x_wconf 90' lang='lat' dir='ltr'>in</span> <span class='ocrx_word' id='word_1_238' title='bbox 985 2930 1106 2985; x_wconf 83' lang='lat' dir='ltr'>librariis</span> <span class='ocrx_word' id='word_1_239' title='bbox 1125 2931 1247 2984; x_wconf 88' lang='lat' dir='ltr'>tabernis</span> <span class='ocrx_word' id='word_1_240' title='bbox 1270 2930 1378 2993; x_wconf 74' lang='lat' dir='ltr'>seriens,</span> 
     </span>
     <span class='ocr_line' id='line_1_31' title="bbox 296 3001 1376 3074; baseline -0.002 -20"><span class='ocrx_word' id='word_1_241' title='bbox 296 3001 481 3056; x_wconf 75' lang='lat' dir='ltr'><strong>contendebat</strong></span> <span class='ocrx_word' id='word_1_242' title='bbox 497 3001 642 3074; x_wconf 80' lang='lat' dir='ltr'>verbisque</span> <span class='ocrx_word' id='word_1_243' title='bbox 665 3001 861 3072; x_wconf 86' lang='lat' dir='ltr'>ampullaribns</span> <span class='ocrx_word' id='word_1_244' title='bbox 881 3002 979 3072; x_wconf 80' lang='lat' dir='ltr'>agebat</span> <span class='ocrx_word' id='word_1_245' title='bbox 996 3020 1056 3055; x_wconf 88' lang='lat' dir='ltr'>cum</span> <span class='ocrx_word' id='word_1_246' title='bbox 1073 3004 1117 3066; x_wconf 88' lang='lat' dir='ltr'>iis,</span> <span class='ocrx_word' id='word_1_247' title='bbox 1137 3003 1186 3074; x_wconf 89' lang='lat' dir='ltr'>qni</span> <span class='ocrx_word' id='word_1_248' title='bbox 1204 3019 1236 3052; x_wconf 89' lang='lat' dir='ltr'>eo</span> <span class='ocrx_word' id='word_1_249' title='bbox 1255 3017 1376 3053; x_wconf 90' lang='lat' dir='ltr'>comme-</span> 
     </span>
     <span class='ocr_line' id='line_1_32' title="bbox 298 3071 1378 3137; baseline -0.002 -13"><span class='ocrx_word' id='word_1_250' title='bbox 298 3087 343 3124; x_wconf 87' lang='lat' dir='ltr'>are</span> <span class='ocrx_word' id='word_1_251' title='bbox 355 3073 452 3136; x_wconf 85' lang='lat' dir='ltr'>solent,</span> <span class='ocrx_word' id='word_1_252' title='bbox 472 3080 499 3125; x_wconf 90' lang='lat' dir='ltr'>et</span> <span class='ocrx_word' id='word_1_253' title='bbox 512 3081 639 3126; x_wconf 86' lang='lat' dir='ltr'>consueta</span> <span class='ocrx_word' id='word_1_254' title='bbox 656 3071 756 3125; x_wconf 79' lang='lat' dir='ltr'><strong>haecce</strong></span> <span class='ocrx_word' id='word_1_255' title='bbox 768 3071 803 3124; x_wconf 88' lang='lat' dir='ltr'>de</span> <span class='ocrx_word' id='word_1_256' title='bbox 821 3073 880 3124; x_wconf 89' lang='lat' dir='ltr'>Deo</span> <span class='ocrx_word' id='word_1_257' title='bbox 898 3073 1031 3124; x_wconf 84' lang='lat' dir='ltr'>vocabula</span> <span class='ocrx_word' id='word_1_258' title='bbox 1048 3074 1164 3137; x_wconf 86' lang='lat' dir='ltr'>iactare,</span> <span class='ocrx_word' id='word_1_259' title='bbox 1221 3071 1274 3122; x_wconf 86' lang='lat' dir='ltr'>alia</span> <span class='ocrx_word' id='word_1_260' title='bbox 1291 3072 1378 3122; x_wconf 85' lang='lat' dir='ltr'>nimi·</span> 
     </span>
     <span class='ocr_line' id='line_1_33' title="bbox 297 3143 1378 3262; baseline -0.006 -66"><span class='ocrx_word' id='word_1_261' title='bbox 297 3159 356 3196; x_wconf 85' lang='lat' dir='ltr'>rum</span> <span class='ocrx_word' id='word_1_262' title='bbox 375 3149 438 3194; x_wconf 84' lang='lat' dir='ltr'>sunt</span> <span class='ocrx_word' id='word_1_263' title='bbox 453 3150 549 3194; x_wconf 87' lang='lat' dir='ltr'>natura</span> <span class='ocrx_word' id='word_1_264' title='bbox 573 3151 654 3216; x_wconf 84' lang='lat' dir='ltr'>utque</span> <span class='ocrx_word' id='word_1_265' title='bbox 675 3143 806 3206; x_wconf 72' lang='lat' dir='ltr'><strong>essentia,</strong></span> <span class='ocrx_word' id='word_1_266' title='bbox 831 3150 860 3194; x_wconf 86' lang='lat' dir='ltr'>ct</span> <span class='ocrx_word' id='word_1_267' title='bbox 876 3143 1052 3211; x_wconf 81' lang='lat' dir='ltr'>passibilitas,</span> <span class='ocrx_word' id='word_1_268' title='bbox 1070 3151 1102 3195; x_wconf 86' lang='lat' dir='ltr'>ut</span> <span class='ocrx_word' id='word_1_269' title='bbox 1120 3143 1158 3195; x_wconf 89' lang='lat' dir='ltr'>ita</span> <span class='ocrx_word' id='word_1_270' title='bbox 1208 3158 1275 3206; x_wconf 88' lang='lat' dir='ltr'>cam,</span> <span class='ocrx_word' id='word_1_271' title='bbox 1292 3149 1378 3262; x_wconf 57' lang='lat' dir='ltr'>supp:</span> 
     </span>
     <span class='ocr_line' id='line_1_34' title="bbox 296 3211 1334 3285; baseline -0.003 -21"><span class='ocrx_word' id='word_1_272' title='bbox 296 3211 558 3282; x_wconf 85' lang='lat' dir='ltr'>inpermixtibilitas:</span> <span class='ocrx_word' id='word_1_273' title='bbox 598 3231 693 3267; x_wconf 91' lang='lat' dir='ltr'>uorum</span> <span class='ocrx_word' id='word_1_274' title='bbox 703 3213 828 3285; x_wconf 84' lang='lat' dir='ltr'>plerique</span> <span class='ocrx_word' id='word_1_275' title='bbox 840 3212 1132 3266; x_wconf 88' lang='lat' dir='ltr'>ueGrammatistarum</span> <span class='ocrx_word' id='word_1_276' title='bbox 1183 3211 1257 3264; x_wconf 87' lang='lat' dir='ltr'>idem</span> <span class='ocrx_word' id='word_1_277' title='bbox 1271 3211 1334 3264; x_wconf 88' lang='lat' dir='ltr'><strong>acho</strong></span> 
     </span>
     <span class='ocr_line' id='line_1_35' title="bbox 296 3231 1378 3352; baseline -0.003 -17"><span class='ocrx_word' id='word_1_278' title='bbox 296 3282 337 3336; x_wconf 81' lang='lat' dir='ltr'>ire</span> <span class='ocrx_word' id='word_1_279' title='bbox 359 3291 517 3348; x_wconf 73' lang='lat' dir='ltr'>uerterant,</span> <span class='ocrx_word' id='word_1_280' title='bbox 546 3231 597 3335; x_wconf 65' lang='lat' dir='ltr'>seii</span> <span class='ocrx_word' id='word_1_281' title='bbox 611 3299 662 3337; x_wconf 89' lang='lat' dir='ltr'>nec</span> <span class='ocrx_word' id='word_1_282' title='bbox 679 3285 743 3336; x_wconf 87' lang='lat' dir='ltr'>satis</span> <span class='ocrx_word' id='word_1_283' title='bbox 762 3282 833 3352; x_wconf 77' lang='lat' dir='ltr'>frugi</span> <span class='ocrx_word' id='word_1_284' title='bbox 851 3282 974 3335; x_wconf 88' lang='lat' dir='ltr'>homines</span> <span class='ocrx_word' id='word_1_285' title='bbox 993 3291 1082 3336; x_wconf 89' lang='lat' dir='ltr'>erant:</span> <span class='ocrx_word' id='word_1_286' title='bbox 1102 3284 1184 3335; x_wconf 84' lang='lat' dir='ltr'>facie</span> <span class='ocrx_word' id='word_1_287' title='bbox 1202 3283 1307 3333; x_wconf 88' lang='lat' dir='ltr'>interea</span> <span class='ocrx_word' id='word_1_288' title='bbox 1324 3281 1378 3332; x_wconf 90' lang='lat' dir='ltr'>ali-</span> 
     </span>
     <span class='ocr_line' id='line_1_36' title="bbox 297 3350 1377 3424; baseline 0 -20"><span class='ocrx_word' id='word_1_289' title='bbox 297 3352 347 3424; x_wconf 89' lang='lat' dir='ltr'>qui</span> <span class='ocrx_word' id='word_1_290' title='bbox 392 3361 474 3423; x_wconf 87' lang='lat' dir='ltr'>atque</span> <span class='ocrx_word' id='word_1_291' title='bbox 500 3352 657 3420; x_wconf 83' lang='lat' dir='ltr'>expeditum</span> <span class='ocrx_word' id='word_1_292' title='bbox 683 3369 741 3406; x_wconf 86' lang='lat' dir='ltr'>esse</span> <span class='ocrx_word' id='word_1_293' title='bbox 767 3353 923 3404; x_wconf 83' lang='lat' dir='ltr'>existimant</span> <span class='ocrx_word' id='word_1_294' title='bbox 946 3354 1153 3416; x_wconf 80' lang='lat' dir='ltr'>transsaltorio,</span> <span class='ocrx_word' id='word_1_295' title='bbox 1179 3350 1253 3423; x_wconf 86' lang='lat' dir='ltr'>quod</span> <span class='ocrx_word' id='word_1_296' title='bbox 1274 3358 1320 3403; x_wconf 68' lang='lat' dir='ltr'>‘est</span> <span class='ocrx_word' id='word_1_297' title='bbox 1344 3353 1377 3404; x_wconf 87' lang='lat' dir='ltr'>in</span> 
     </span>
     <span class='ocr_line' id='line_1_37' title="bbox 296 3421 1377 3492; baseline -0.003 -18"><span class='ocrx_word' id='word_1_298' title='bbox 296 3422 456 3492; x_wconf 84' lang='lat' dir='ltr'>proverbio,</span> <span class='ocrx_word' id='word_1_299' title='bbox 477 3421 547 3492; x_wconf 89' lang='lat' dir='ltr'>pede</span> <span class='ocrx_word' id='word_1_300' title='bbox 566 3423 647 3486; x_wconf 78' lang='lat' dir='ltr'>ferri,</span> <span class='ocrx_word' id='word_1_301' title='bbox 678 3422 758 3477; x_wconf 85' lang='lat' dir='ltr'>etde</span> <span class='ocrx_word' id='word_1_302' title='bbox 777 3424 838 3476; x_wconf 91' lang='lat' dir='ltr'>Deo</span> <span class='ocrx_word' id='word_1_303' title='bbox 858 3422 1006 3488; x_wconf 87' lang='lat' dir='ltr'>disserere,</span> <span class='ocrx_word' id='word_1_304' title='bbox 1031 3424 1099 3476; x_wconf 87' lang='lat' dir='ltr'>adeo</span> <span class='ocrx_word' id='word_1_305' title='bbox 1118 3424 1200 3476; x_wconf 85' lang='lat' dir='ltr'>beata</span> <span class='ocrx_word' id='word_1_306' title='bbox 1218 3430 1246 3472; x_wconf 86' lang='lat' dir='ltr'>et</span> <span class='ocrx_word' id='word_1_307' title='bbox 1267 3422 1377 3474; x_wconf 88' lang='lat' dir='ltr'>incom-</span> 
     </span>
     <span class='ocr_line' id='line_1_38' title="bbox 295 3491 1376 3564; baseline -0.003 -20"><span class='ocrx_word' id='word_1_308' title='bbox 295 3491 478 3564; x_wconf 85' lang='lat' dir='ltr'>prehensibili</span> <span class='ocrx_word' id='word_1_309' title='bbox 496 3508 544 3556; x_wconf 83' lang='lat' dir='ltr'>rt,</span> <span class='ocrx_word' id='word_1_310' title='bbox 568 3492 769 3564; x_wconf 87' lang='lat' dir='ltr'>humanumque</span> <span class='ocrx_word' id='word_1_311' title='bbox 789 3493 958 3544; x_wconf 88' lang='lat' dir='ltr'>intellectum</span> <span class='ocrx_word' id='word_1_312' title='bbox 983 3501 1177 3564; x_wconf 76' lang='lat' dir='ltr'>exsuperante,</span> <span class='ocrx_word' id='word_1_313' title='bbox 1201 3507 1288 3561; x_wconf 88' lang='lat' dir='ltr'>eoque</span> <span class='ocrx_word' id='word_1_314' title='bbox 1305 3491 1376 3554; x_wconf 88' lang='lat' dir='ltr'>solo,</span> 
     </span>
     <span class='ocr_line' id='line_1_39' title="bbox 298 3561 1376 3636; baseline -0.001 -23"><span class='ocrx_word' id='word_1_315' title='bbox 298 3563 373 3634; x_wconf 80' lang='lat' dir='ltr'>quoti</span> <span class='ocrx_word' id='word_1_316' title='bbox 391 3562 539 3632; x_wconf 74' lang='lat' dir='ltr'>ignoretur,</span> <span class='ocrx_word' id='word_1_317' title='bbox 558 3561 723 3616; x_wconf 85' lang='lat' dir='ltr'>admiranda.</span> <span class='ocrx_word' id='word_1_318' title='bbox 761 3562 895 3632; x_wconf 77' lang='lat' dir='ltr'><strong>Quocirca</strong></span> <span class='ocrx_word' id='word_1_319' title='bbox 913 3564 1071 3636; x_wconf 80' lang='lat' dir='ltr'>frequenter</span> <span class='ocrx_word' id='word_1_320' title='bbox 1088 3563 1248 3635; x_wconf 85' lang='lat' dir='ltr'>vespertinis</span> <span class='ocrx_word' id='word_1_321' title='bbox 1266 3572 1376 3630; x_wconf 88' lang='lat' dir='ltr'>tempo-</span> 
     </span>
     <span class='ocr_line' id='line_1_40' title="bbox 298 3630 1377 3702; baseline -0.004 -17"><span class='ocrx_word' id='word_1_322' title='bbox 298 3630 383 3696; x_wconf 87' lang='lat' dir='ltr'>ribus,</span> <span class='ocrx_word' id='word_1_323' title='bbox 405 3648 467 3684; x_wconf 88' lang='lat' dir='ltr'>curn</span> <span class='ocrx_word' id='word_1_324' title='bbox 486 3647 520 3684; x_wconf 85' lang='lat' dir='ltr'>ex</span> <span class='ocrx_word' id='word_1_325' title='bbox 537 3634 653 3702; x_wconf 79' lang='lat' dir='ltr'><strong>crapula,</strong></span> <span class='ocrx_word' id='word_1_326' title='bbox 671 3641 703 3685; x_wconf 92' lang='lat' dir='ltr'>ut</span> <span class='ocrx_word' id='word_1_327' title='bbox 719 3633 867 3685; x_wconf 83' lang='lat' dir='ltr'>verisimile</span> <span class='ocrx_word' id='word_1_328' title='bbox 887 3641 936 3696; x_wconf 90' lang='lat' dir='ltr'>est,</span> <span class='ocrx_word' id='word_1_329' title='bbox 956 3643 985 3687; x_wconf 92' lang='lat' dir='ltr'>et</span> <span class='ocrx_word' id='word_1_330' title='bbox 1002 3635 1069 3686; x_wconf 81' lang='lat' dir='ltr'>luxu</span> <span class='ocrx_word' id='word_1_331' title='bbox 1087 3635 1187 3686; x_wconf 76' lang='lat' dir='ltr'>reversi</span> <span class='ocrx_word' id='word_1_332' title='bbox 1206 3650 1253 3684; x_wconf 90' lang='lat' dir='ltr'>sua</span> <span class='ocrx_word' id='word_1_333' title='bbox 1270 3631 1377 3682; x_wconf 88' lang='lat' dir='ltr'>habent</span> 
     </span>
     <span class='ocr_line' id='line_1_41' title="bbox 297 3700 1378 3773; baseline -0.003 -18"><span class='ocrx_word' id='word_1_334' title='bbox 297 3700 495 3766; x_wconf 86' lang='lat' dir='ltr'>conciliabula,</span> <span class='ocrx_word' id='word_1_335' title='bbox 514 3710 596 3771; x_wconf 90' lang='lat' dir='ltr'>prout</span> <span class='ocrx_word' id='word_1_336' title='bbox 616 3704 716 3773; x_wconf 87' lang='lat' dir='ltr'>cuique</span> <span class='ocrx_word' id='word_1_337' title='bbox 741 3702 853 3753; x_wconf 89' lang='lat' dir='ltr'>libitum</span> <span class='ocrx_word' id='word_1_338' title='bbox 869 3702 971 3767; x_wconf 82' lang='lat' dir='ltr'>fuerit,</span> <span class='ocrx_word' id='word_1_339' title='bbox 995 3704 1175 3757; x_wconf 84' lang='lat' dir='ltr'>irreverenter</span> <span class='ocrx_word' id='word_1_340' title='bbox 1193 3703 1228 3755; x_wconf 87' lang='lat' dir='ltr'>de</span> <span class='ocrx_word' id='word_1_341' title='bbox 1248 3701 1378 3754; x_wconf 90' lang='lat' dir='ltr'>sublimi·</span> 
     </span>
     <span class='ocr_line' id='line_1_42' title="bbox 297 3767 1378 3844; baseline -0.003 -20"><span class='ocrx_word' id='word_1_342' title='bbox 297 3767 348 3824; x_wconf 81' lang='lat' dir='ltr'>bus</span> <span class='ocrx_word' id='word_1_343' title='bbox 367 3771 442 3826; x_wconf 82' lang='lat' dir='ltr'>hisce</span> <span class='ocrx_word' id='word_1_344' title='bbox 463 3770 545 3825; x_wconf 87' lang='lat' dir='ltr'>rebus</span> <span class='ocrx_word' id='word_1_345' title='bbox 566 3772 720 3844; x_wconf 81' lang='lat' dir='ltr'>divinisque</span> <span class='ocrx_word' id='word_1_346' title='bbox 738 3773 944 3844; x_wconf 84' lang='lat' dir='ltr'>quaestionibus</span> <span class='ocrx_word' id='word_1_347' title='bbox 963 3790 1099 3826; x_wconf 82' lang='lat' dir='ltr'>sermones</span> <span class='ocrx_word' id='word_1_348' title='bbox 1116 3776 1248 3838; x_wconf 78' lang='lat' dir='ltr'>miscent3</span> <span class='ocrx_word' id='word_1_349' title='bbox 1267 3778 1378 3823; x_wconf 87' lang='lat' dir='ltr'>etsem-</span> 
     </span>
     <span class='ocr_line' id='line_1_43' title="bbox 317 3840 1378 3916; baseline -0.003 -22"><span class='ocrx_word' id='word_1_350' title='bbox 317 3855 347 3894; x_wconf 74' lang='grc' dir='ltr'>οι·</span> <span class='ocrx_word' id='word_1_351' title='bbox 364 3840 397 3894; x_wconf 86' lang='lat' dir='ltr'>de</span> <span class='ocrx_word' id='word_1_352' title='bbox 416 3843 514 3896; x_wconf 86' lang='lat' dir='ltr'>iisdem</span> <span class='ocrx_word' id='word_1_353' title='bbox 532 3850 702 3913; x_wconf 80' lang='lat' dir='ltr'>argutantes,</span> <span class='ocrx_word' id='word_1_354' title='bbox 718 3858 769 3894; x_wconf 86' lang='lat' dir='ltr'>nec</span> <span class='ocrx_word' id='word_1_355' title='bbox 786 3843 840 3911; x_wconf 90' lang='lat' dir='ltr'>ipsi</span> <span class='ocrx_word' id='word_1_356' title='bbox 857 3843 918 3894; x_wconf 89' lang='lat' dir='ltr'>aliis</span> <span class='ocrx_word' id='word_1_357' title='bbox 932 3844 1077 3916; x_wconf 85' lang='lat' dir='ltr'>quiequam</span> <span class='ocrx_word' id='word_1_358' title='bbox 1092 3843 1267 3914; x_wconf 80' lang='lat' dir='ltr'>persuadent,</span> <span class='ocrx_word' id='word_1_359' title='bbox 1284 3857 1378 3911; x_wconf 86' lang='lat' dir='ltr'>neque</span> 
     </span>
     <span class='ocr_line' id='line_1_44' title="bbox 296 3855 1379 3996; baseline 0 -34"><span class='ocrx_word' id='word_1_360' title='bbox 296 3855 333 3963; x_wconf 53' lang='lat' dir='ltr'>Ro</span> <span class='ocrx_word' id='word_1_361' title='bbox 353 3921 482 3980; x_wconf 80' lang='lat' dir='ltr'>concepta</span> <span class='ocrx_word' id='word_1_362' title='bbox 504 3913 590 3966; x_wconf 81' lang='lat' dir='ltr'>semel</span> <span class='ocrx_word' id='word_1_363' title='bbox 618 3912 759 3982; x_wconf 83' lang='lat' dir='ltr'>opinione,</span> <span class='ocrx_word' id='word_1_364' title='bbox 804 3913 980 3996; x_wconf 70' lang='lat' dir='ltr'>ualiscuuque</span> <span class='ocrx_word' id='word_1_365' title='bbox 1008 3915 1120 3967; x_wconf 84' lang='lat' dir='ltr'>taudem</span> <span class='ocrx_word' id='word_1_366' title='bbox 1149 3931 1182 3966; x_wconf 84' lang='lat' dir='ltr'>ea</span> <span class='ocrx_word' id='word_1_367' title='bbox 1211 3915 1263 3975; x_wconf 88' lang='lat' dir='ltr'>sit,</span> <span class='ocrx_word' id='word_1_368' title='bbox 1284 3910 1379 3962; x_wconf 85' lang='lat' dir='ltr'>disce-</span> 
     </span>
     <span class='ocr_line' id='line_1_45' title="bbox 296 3931 1378 4053; baseline -0.002 -20"><span class='ocrx_word' id='word_1_369' title='bbox 296 3978 387 4044; x_wconf 78' lang='lat' dir='ltr'>dunt,</span> <span class='ocrx_word' id='word_1_370' title='bbox 412 3981 459 4034; x_wconf 84' lang='lat' dir='ltr'>sed</span> <span class='ocrx_word' id='word_1_371' title='bbox 485 3983 579 4036; x_wconf 79' lang='lat' dir='ltr'>euclem</span> <span class='ocrx_word' id='word_1_372' title='bbox 603 3999 709 4053; x_wconf 85' lang='lat' dir='ltr'>semper</span> <span class='ocrx_word' id='word_1_373' title='bbox 726 3931 863 4035; x_wconf 69' lang='lat' dir='ltr'>moriicua</span> <span class='ocrx_word' id='word_1_374' title='bbox 889 3990 1010 4036; x_wconf 72' lang='lat' dir='ltr'>retinent</span> <span class='ocrx_word' id='word_1_375' title='bbox 1034 3993 1063 4038; x_wconf 88' lang='lat' dir='ltr'>et</span> <span class='ocrx_word' id='word_1_376' title='bbox 1088 3992 1215 4048; x_wconf 86' lang='lat' dir='ltr'>tuentur;</span> <span class='ocrx_word' id='word_1_377' title='bbox 1243 3982 1378 4050; x_wconf 83' lang='lat' dir='ltr'>finitaque</span> 
     </span>
     <span class='ocr_line' id='line_1_46' title="bbox 297 4049 1379 4124; baseline -0.002 -22"><span class='ocrx_word' id='word_1_378' title='bbox 297 4049 473 4104; x_wconf 81' lang='lat' dir='ltr'>altercatione</span> <span class='ocrx_word' id='word_1_379' title='bbox 500 4054 615 4108; x_wconf 80' lang='lat' dir='ltr'>infensis</span> <span class='ocrx_word' id='word_1_380' title='bbox 635 4055 708 4107; x_wconf 89' lang='lat' dir='ltr'>iuter</span> <span class='ocrx_word' id='word_1_381' title='bbox 726 4069 755 4106; x_wconf 85' lang='lat' dir='ltr'>se</span> <span class='ocrx_word' id='word_1_382' title='bbox 776 4052 874 4105; x_wconf 88' lang='lat' dir='ltr'>animis</span> <span class='ocrx_word' id='word_1_383' title='bbox 890 4051 1052 4119; x_wconf 83' lang='lat' dir='ltr'>discedunt,</span> <span class='ocrx_word' id='word_1_384' title='bbox 1078 4063 1108 4108; x_wconf 87' lang='lat' dir='ltr'>ct</span> <span class='ocrx_word' id='word_1_385' title='bbox 1124 4053 1226 4124; x_wconf 90' lang='lat' dir='ltr'>apertis</span> <span class='ocrx_word' id='word_1_386' title='bbox 1245 4051 1379 4104; x_wconf 82' lang='lat' dir='ltr'>conviciis</span> 
     </span>
     <span class='ocr_line' id='line_1_47' title="bbox 297 4122 1380 4190; baseline -0.001 -17"><span class='ocrx_word' id='word_1_387' title='bbox 297 4135 356 4174; x_wconf 83' lang='lat' dir='ltr'>asae</span> <span class='ocrx_word' id='word_1_388' title='bbox 381 4128 475 4176; x_wconf 84' lang='lat' dir='ltr'>mutuo</span> <span class='ocrx_word' id='word_1_389' title='bbox 500 4122 649 4189; x_wconf 86' lang='lat' dir='ltr'>lacessunt,</span> <span class='ocrx_word' id='word_1_390' title='bbox 680 4131 726 4177; x_wconf 86' lang='lat' dir='ltr'>tur</span> <span class='ocrx_word' id='word_1_391' title='bbox 746 4139 774 4175; x_wconf 88' lang='lat' dir='ltr'>es</span> <span class='ocrx_word' id='word_1_392' title='bbox 803 4139 883 4178; x_wconf 82' lang='lat' dir='ltr'>voces</span> <span class='ocrx_word' id='word_1_393' title='bbox 907 4125 1079 4190; x_wconf 84' lang='lat' dir='ltr'>emittentes,</span> <span class='ocrx_word' id='word_1_394' title='bbox 1116 4128 1203 4177; x_wconf 85' lang='lat' dir='ltr'>instar</span> <span class='ocrx_word' id='word_1_395' title='bbox 1227 4124 1380 4174; x_wconf 81' lang='lat' dir='ltr'>aleatorum</span> 
     </span>
     <span class='ocr_line' id='line_1_48' title="bbox 298 4189 1378 4268; baseline -0.002 -22"><span class='ocrx_word' id='word_1_396' title='bbox 298 4189 454 4246; x_wconf 81' lang='lat' dir='ltr'>rixantium.</span> <span class='ocrx_word' id='word_1_397' title='bbox 490 4189 579 4264; x_wconf 72' lang='lat' dir='ltr'>Atque</span> <span class='ocrx_word' id='word_1_398' title='bbox 605 4195 644 4248; x_wconf 79' lang='lat' dir='ltr'>its</span> <span class='ocrx_word' id='word_1_399' title='bbox 669 4194 784 4254; x_wconf 72' lang='lat' dir='ltr'>solvatur</span> <span class='ocrx_word' id='word_1_400' title='bbox 800 4194 868 4265; x_wconf 84' lang='lat' dir='ltr'>ipsis</span> <span class='ocrx_word' id='word_1_401' title='bbox 886 4202 1041 4262; x_wconf 66' lang='lat' dir='ltr'>common,</span> <span class='ocrx_word' id='word_1_402' title='bbox 1060 4211 1196 4268; x_wconf 73' lang='lat' dir='ltr'>aegreque</span> <span class='ocrx_word' id='word_1_403' title='bbox 1219 4189 1378 4255; x_wconf 79' lang='lat' dir='ltr'>disocdunt,</span> 
     </span>
    </p>
   </div>
   <div class='ocr_carea' id='block_1_7' title="bbox 0 0 1564 4950">
    <p class='ocr_par' dir='ltr' id='par_1_12' title="bbox 0 0 1564 4950">
     <span class='ocr_line' id='line_1_49' title="bbox 0 0 1564 4950; baseline 0 0"><span class='ocrx_word' id='word_1_404' title='bbox 0 0 1564 4950; x_wconf 95' lang='lat' dir='ltr'> </span> 
     </span>
    </p>
   </div>
  </div>
 </body>
</html>
