3109 4950
298 270 354 373 84
722 292 932 357 καλειται

169 465 200 533 μ,
209 461 293 515 (1.553
303 471 365 517 ναν
384 448 615 531 ἐξηπατημένοι.
636 446 679 509 ὀἱ
704 447 739 509 δὲ
760 441 847 531 ἀμφί
865 443 1019 508 Σίνδοοαλ
1040 433 1098 520 oia
1120 442 1265 525 ἀνίεσαν,
1301 440 1372 510 ἀλλ’

202 535 290 613 δέ’-’7
302 546 466 625 ἐνέκειντο,
486 547 545 619 ἕως
557 542 631 618 τοὺς
644 545 702 623 μὲν
718 542 957 628 κατεστόρεσαν,
979 538 1008 604 οἱ
1027 542 1062 604 δὲ
1081 543 1114 615 ές
1131 540 1189 617 τάς
1203 545 1259 606 τοὺ
1277 567 1372 607 ποτα-

297 646 360 729 μοῦ
377 643 519 719 ἐξέπεσον
533 644 629 718 δι’νας.Ι
651 638 733 706 οὑτω
747 666 781 707 τε
795 644 859 705 τῶν
885 636 1040 725 Ἐροόλαιν
1060 641 1102 727 τῷ
1120 643 1261 729 σφετέρῳ
1275 629 1386 730 χιόριρ

266 738 567 825 Βέγκαταστάντιαν,
596 736 631 803 τό
650 764 683 803 τε
702 740 826 820 κέναιμα
845 742 1025 825 ἐπληροῦτο,
1045 738 1101 803 καί
1116 739 1137 824 ἦ
1154 740 1278 824 φάλαγξ
1296 766 1372 805 σον-

294 840 473 921 έκέκλειοτο,
494 836 549 903 καί
565 835 707 903 τολοιπόν
724 838 753 901 οἱ
768 836 925 923 Φρόγγοι,
933 836 1073 924 καθάπερ
1092 842 1137 913 εἰς
1150 832 1247 922 ἀρκος
1269 845 1388 917 Esses&
1410 830 1418 841 Χ

291 939 459 1025 λημμένοι,
482 935 650 1002 ἐκτείνοντο
669 934 834 1001 πάντοθεν.
860 932 882 1020 ἥ
903 961 935 1001 τε
950 935 1010 1022 γάρ
1030 934 1116 1013 τάξις
1134 932 1242 1011 αὑτοῖς
1259 935 1373 1001 τελειό-

298 1062 379 1109 τατα
402 1034 576 1116 διελέλυτο,
603 1034 657 1102 καί
672 1036 772 1119 χόδην
788 1038 842 1101 ε’πέ
863 1037 950 1121 σφᾶς
967 1034 1164 1101 ὑπελίποντο
1171 1087 1183 1117 ,
1203 1030 1261 1099 οὑκ
1284 1034 1373 1117 ἔχον-

298 1160 349 1210 τες
367 1130 402 1216 ό,
423 1159 456 1199 τι
477 1132 532 1201 aas*
554 1136 699 1218 γένοιντο.
732 1134 762 1198 οἱ
782 1135 817 1197 δέ
832 1134 989 1215 Ῥωμαῖοι
1008 1129 1045 1197 οὑ
1065 1134 1164 1215 μόνον
1188 1143 1254 1209 τοῖς
1273 1134 1374 1212 τόξοις

298 1228 412 1309 αὑτοός
425 1235 602 1317 διεχρῶντο,
625 1227 705 1299 ἀλλά
720 1231 756 1295 τό
776 1256 809 1297 τε
828 1228 1060 1297 όπλιτικόνκαί
1075 1229 1104 1297 οἱ
1121 1230 1213 1317 φιλοέ
1228 1234 1373 1318 ἐπῄεσαν,

300 1327 431 1417 δοράτιά
448 1356 480 1395 τε
498 1327 703 1409 ἀκοντίζοντες
720 1328 775 1394 καί
795 1339 860 1406 τοῖς
875 1329 992 1407 κόντοις
1008 1330 1226 1413 διωθούμενοι,
1240 1334 1295 1396 καί
1306 1339 1416 1405 saeuo

300 1433 475 1525 μαχαίραις
493 1432 750 1510 κατατέμνοντες,
772 1431 805 1493 οἵ
818 1454 852 1493 τε
867 1428 969 1506 ἱππεῖς
986 1429 1212 1517 ὑπερκεράσεις
1228 1433 1375 1512 ποιεόμε-

302 1552 350 1593 νοι
363 1528 549 1609 ὑπεδέχοντο
574 1525 692 1602 αὑτοὺς
708 1526 782 1598 εἴσω
797 1526 852 1592 καί
869 1528 1098 1612 ἀπελάμβανον.
1127 1534 1157 1596 εἰ
1177 1532 1213 1595 δέ
1223 1553 1254 1595 τι
1269 1530 1375 1594 αὑτῶν

225 1629 357 1708 Pitane*
372 1626 500 1711 διέφυγε
519 1622 558 1689 τά
576 1624 660 1710 ξίφη,
682 1623 711 1689 οἱ
727 1627 761 1689 δέ
773 1629 810 1713 τῇ
820 1626 922 1703 διώξει
941 1629 1154 1712 ἐκβιαζόμενοι
1171 1632 1205 1705 ές
1217 1626 1270 1695 τόν
1280 1652 1376 1692 ποτα-

295 1722 357 1807 μόν
375 1725 596 1812 κατεφέροντο,
617 1723 672 1787 καί
684 1723 874 1808 ὑποβρύχιοι
886 1728 1062 1808 γιγνόμενοι
1075 1726 1234 1811 ἔθνησκον·
1255 1726 1374 1811 οἰμωγή

295 1850 331 1895 τε
350 1819 478 1909 η’κοόετο
491 1822 676 1905 ἁπανταχοῦ
686 1825 749 1887 τῶν
764 1824 935 1910 βαρβάρων
956 1826 1141 1909 οἰκτρότατα
1155 1818 1415 1907 διολλυμέναν·15

297 1918 394 1997 αὑτός
408 1945 441 1985 τε
461 1917 500 2005 δη
519 1912 574 1985 οὑν
589 1926 772 1997 Βοοτιλῖνος
790 1920 806 1985 ὑ
826 1921 996 2008 στρατηγός
1016 1928 1072 1988 καί
1085 1919 1156 1991 όλον
1170 1923 1205 1989 τό
1224 1924 1375 2009 στράτευε

294 2048 342 2104 μα
364 2021 564 2108 πανωλεθρίᾳ
583 2018 736 2104 ἠφάνιστο
743 2072 752 2100 ,
785 2022 820 2092 ἐν
841 2030 907 2096 τοῖς
929 2022 985 2095 καί
1004 2020 1035 2087 οἱ
1055 2025 1118 2091 τῶν
1133 2020 1294 2108 Ἕροόλαν
1315 2023 1375 2107 πρὸ

296 2123 390 2204 τῆσδε
406 2124 460 2203 τῆς
477 2122 651 2202 ’ξομπλοκῆς
667 2118 868 2199 μεταβάντες,
891 2119 945 2184 κοτέ
959 2115 1062 2195 οόδεές
1074 2117 1158 2198 όοτις
1172 2124 1233 2187 τεόν
1249 2125 1280 2186 Γ
1277 2146 1374 2204 ερμα-

296 2223 359 2287 νοόν
373 2221 405 2295 ές
414 2216 452 2285 τά
471 2216 588 2301 πάτρια
602 2214 764 2302 ἐνόοτησεν
781 2211 855 2303 ἤθη,
869 2213 919 2283 ότι
929 2218 973 2303 μη
991 2224 1080 2284 πέντε
1096 2214 1206 2307 ἀνδρες
1218 2216 1374 2307 ότηιδηοόν

296 2319 399 2406 τρόπῳ
417 2313 660 2401 διαδεδρακότες.
679 2321 746 2393 ποός
766 2320 801 2381 δὲ
818 2320 876 2381 οὑκ
898 2314 938 2383 ἀν
956 2317 1004 2404 εἴη
1023 2320 1186 2405 ἀρίδηλον,
1209 2315 1416 2393 ὥςποινάς20

297 2416 436 2500 ὑπέσχον
458 2417 521 2482 τῶν
541 2414 758 2499 ἀδικημάτων,
781 2418 836 2481 καί
849 2413 1007 2504 ὑπερτέρα
1027 2442 1075 2493 τις
1091 2412 1206 2494 αὑτοὺς
1218 2418 1375 2500 μετῆλθεν

298 2515 413 2600 ἀνάγκη
422 2542 431 2594 ,·
453 2515 539 2594 ὑμὲν
557 2511 616 2599 γάρ
629 2519 743 2600 μορίας
756 2517 870 2590 ἐκεῖνος
888 2512 996 2595 ὅμιλος
1011 2518 1072 2581 ταῖν
1092 2515 1247 2601 Φράγγων
1261 2539 1295 2578 τε
1316 2515 1372 2577 κατ’

291 2611 498 2701 'Aloustou
527 2610 582 2678 καί
602 2615 663 2677 τῶν
690 2608 759 2689 ὅσοι
784 2611 823 2696 δη
849 2609 957 2689 αὑτοῖς
976 2613 1074 2696 τυχόν
1092 2617 1192 2697 ἕτεροι
1210 2611 1266 2676 τόν
1283 2613 1376 2674 πόλε-

371 2751 392 2783 ι.
413 2729 531 2782 ἀνίεσαν
541 2761 572 2770 -
582 2730 719 2782 ἐνέκειντο
737 2734 764 2782 R.
783 2731 856 2804 (Cb),
881 2735 964 2801 Intpr.
979 2716 1230 2799 intermittendo-
1244 2710 1370 2793 institit,

366 2800 490 2871 ἀνῄεσαν
503 2829 539 2840 --
553 2802 662 2852 ἔκειντο
680 2803 764 2870 vulg„
797 2802 882 2870 Lugd.
902 2820 953 2871 mg.
968 2805 1004 2854 ἴσ.
1023 2804 1171 2855 ἐνέκειντο.
1267 2803 1305 2867 τό.
1325 2803 1374 2850 καὶ

365 2870 539 2938 ὑποβρύχιοι
552 2899 588 2910 -
602 2868 720 2934 η’κοόετο
735 2871 795 2922 add.
815 2890 848 2924 ex
872 2875 900 2923 R.
918 2884 946 2923 et
962 2874 1046 2940 lntpr.
1065 2886 1091 2924 et
1108 2872 1263 2942 gurgitibus
1280 2871 1377 2920 bausci

365 2941 523 2993 interibant.
538 2941 611 2994 uude
630 2954 656 3010 st
671 2942 852 2994 barbarorum
870 2944 1014 3006 comittens
1029 2940 1371 3012 eiulatus-audiebatur.

367 3013 405 3064 ιδ.
428 3012 531 3082 συμπλ.
550 3014 580 3063 R.
667 3029 710 3065 ao.
729 3013 770 3077 εἴη
793 3014 892 3070 omli.

299 3115 336 3178 eis
353 3114 454 3184 absque
469 3116 525 3170 ulla
540 3117 741 3176 intermissione
755 3116 885 3180 instabat,
903 3117 992 3169 donec
1008 3118 1076 3169 alios
1094 3115 1206 3188 quidem
1220 3112 1374 3183 prostravit,

296 3185 363 3249 alios
385 3186 495 3236 veroin
516 3187 679 3236 vorticosum
696 3186 795 3237 flumen
820 3186 918 3256 adegit.
953 3188 1043 3256 Atque
1061 3189 1100 3238 ita
1122 3187 1230 3239 Herulis
1248 3186 1278 3235 in
1295 3200 1374 3235 suum

298 3255 387 3305 locum
405 3255 532 3323 receptis,
549 3258 667 3307 vacuitas
682 3257 730 3308 illa
746 3257 775 3306 in
790 3257 880 3308 medio
897 3260 1030 3310 exereitus
1048 3258 1173 3325 suppleta
1190 3263 1242 3315 est,
1262 3263 1290 3304 et
1302 3251 1375 3321 pba-

297 3325 361 3375 lanx
373 3325 473 3376 clausa:
496 3325 517 3386 F
519 3327 647 3396 rancique
661 3326 789 3396 deinceps
802 3327 888 3379 veluti
903 3329 1005 3380 retibus
1017 3328 1145 3387 involuti,
1162 3326 1237 3377 omni
1250 3342 1284 3374 ex
1299 3330 1375 3391 parte

300 3393 490 3444 caedebantur.
526 3393 592 3444 Nam
608 3404 635 3447 et
655 3396 720 3446 ordo
742 3399 862 3464 ipsorum
876 3399 986 3464 penitus
1006 3405 1064 3448 erat
1082 3396 1244 3456 dissolutus,
1265 3401 1293 3444 et
1307 3409 1374 3442 con-

299 3465 358 3514 fuse
384 3465 455 3514 inter
483 3479 511 3513 se
528 3464 757 3532 glomerabantur,
791 3466 858 3535 quid
878 3462 999 3520 lacerent
1018 3466 1112 3534 ignari,
1155 3463 1268 3516 Romani
1284 3470 1375 3513 autem

299 3551 355 3591 non
370 3534 456 3601 solum
471 3535 574 3603 sagittis
591 3551 636 3586 eos
650 3534 863 3598 interficiebant,
880 3536 928 3587 secl
938 3546 965 3588 et
976 3537 1104 3604 gravioris
1121 3543 1149 3586 et
1161 3535 1270 3586 levioris
1286 3548 1374 3582 arma-

298 3611 376 3654 turae
393 3604 492 3654 milites
516 3603 616 3654 invecti
639 3602 729 3656 hastas
749 3605 779 3655 in
795 3622 840 3656 eos
854 3606 1027 3674 torquebant,
1046 3615 1075 3656 et
1087 3606 1174 3656 contis
1187 3601 1376 3671 profligabant,

301 3673 466 3743 ensibusque
485 3672 697 3740 obtruncabant;
731 3677 837 3742 equites
853 3676 934 3725 etiam
953 3674 1071 3726 diductis
1090 3675 1139 3724 alis
1158 3691 1204 3724 eos
1226 3673 1376 3723 circumve-

301 3741 416 3808 niebant
433 3751 460 3803 et
479 3741 694 3805 concludebant3
721 3746 744 3794 si
760 3744 883 3813 quivero
901 3761 993 3796 eorum
1009 3761 1086 3796 enses
1097 3747 1254 3811 effugerant,
1270 3740 1300 3791 hi
1320 3741 1374 3808 ipsi

299 3810 492 3863 insectantium
517 3815 544 3863 vi
557 3811 698 3880 ¹compulsi
713 3813 875 3882 praecipites
896 3813 925 3866 in
940 3814 1047 3864 ,flumen
1061 3813 1235 3875 ferebantur,
1253 3809 1375 3862 barbaris

300 3881 400 3948 passim
421 3882 569 3934 miserrime
590 3882 775 3949 pereuntibus.
821 3882 883 3950 Ipse
900 3883 993 3954 itaque
1009 3883 1064 3934 dux
1084 3883 1220 3934 Butilinus
1236 3897 1295 3931 eum
1312 3881 1376 3930 uni-

297 3964 374 3999 verso
395 3953 514 4002 exercitu
531 3952 566 4003 ad
585 3953 799 4004 internecionem
812 3953 909 4020 periit:
934 3954 1006 4005 inter
1026 3970 1094 4023 quos
1113 3954 1197 4003 etiam
1216 3950 1260 4002 illi
1280 3949 1376 4001 Heruli

300 4020 349 4089 qui
369 4027 431 4070 ante
450 4022 583 4085 proelium
595 4022 800 4091 transfugerant3
820 4039 910 4092 neque
925 4025 1067 4092 quisquam
1082 4021 1249 4072 eGermanis
1263 4019 1298 4070 ad
1312 4035 1375 4070 suos

274 4106 277 4114 ⁴
299 4095 341 4152 est
356 4104 486 4152 reversus,
504 4100 610 4158 praeter
627 4093 839 4162 quinqueviros,
853 4110 1015 4164 quocunqne
1029 4091 1137 4144 taudem
1153 4090 1236 4143 modo
1248 4089 1292 4145 illi
1311 4105 1375 4139 eva-

298 4157 391 4225 serint.
435 4157 560 4227 Quonam
579 4177 641 4212 vero
658 4169 736 4229 paeto
758 4180 814 4214 non
832 4163 868 4213 sit
883 4165 1057 4232 perspicuum
1077 4178 1122 4212 cos
1143 4161 1293 4226 impietatis
1310 4174 1377 4207 suae

301 4244 402 4307 poenas
412 4226 503 4293 luisse,
521 4232 662 4306 superiore
674 4232 790 4304 quadam
804 4232 963 4291 necessitate
975 4234 1042 4305 ipsis
1056 4229 1251 4289 incumbente?
1266 4228 1378 4291 infinita
