3109 4950
337 301 419 390 σοι
769 299 982 368 καλειται

198 461 418 543 λαὸογσδαι.
454 457 596 522 ἐνταῦθα
617 453 657 539 δη
683 446 742 519 oris
771 456 904 540 λέβητας
927 457 1084 539 μεγάλους
1110 451 1226 530 ὕδατος
1246 456 1419 540 ἐμπλήσας,

226 543 319 614 ω’
333 553 498 642 διακριδὸν
520 552 633 638 ἔστησε
652 556 812 636 πολλαχοῦ
832 556 891 618 τοῦ
914 557 1093 640 δωματίου,
1114 548 1235 631 σόλοδς
1255 557 1290 620 δὲ
1309 559 1419 633 αὐτοῖς

333 655 452 736 ἔξωθεν
474 655 639 730 σκοτινοας
658 652 860 739 περιβαλών,
887 651 974 718 κάτω
991 657 1051 735 μὲν
1068 646 1300 736 εόρονομένοας
1318 656 1362 730 ὥς
1379 652 1420 720 δι’·

331 779 436 820 παοαν
452 750 512 838 τὴν
528 751 689 839 στεφάνην
703 750 943 836 περιβεβόσθαι·
963 748 1034 836 ἑξῆς
1051 754 1091 818 δὲ
1104 752 1246 838 καθάπερ
1264 753 1419 837 σάλπιγγα
1507 809 1508 858 r

329 854 637 934 δποοτελλομένοος,
667 850 724 916 καί
739 855 773 928 ἐς
789 848 826 915 τό
843 847 1017 934 ἀναλογοῦν
1038 854 1267 933 τελευτῶντας,
1292 850 1440 938 ένέπηξε5
1507 863 1508 924 t

328 961 398 1029 ταῖς
420 954 523 1025 δοκοῖς
541 953 596 1015 καί
614 958 684 1024 ταῖς
701 953 808 1015 σανίσι
829 949 870 1014 τοὶ
890 950 1106 1034 ἀπολήγοντα,
1141 954 1197 1014 κατ’
1215 953 1248 1028 ές
1267 947 1304 1016 τό
1329 951 1421 1036 rispe-

292 1056 384 1136 Ββὲς
403 1046 638 1135 ε’νεπερόνησεν,
674 1044 717 1125 uic
737 1045 794 1112 καὶ
814 1044 868 1114 τόν
889 1051 925 1114 έν
945 1049 1055 1124 αὐτοῖς
1077 1043 1308 1133 ἀπειλημμένον
1339 1049 1421 1134 ιῖέρα
1507 1063 1508 1140 γ

328 1147 445 1238 ἄφετόν
466 1150 526 1231 μὲν
546 1145 704 1233 ἔχειντὴν
720 1139 788 1212 ἅνω
807 1145 927 1234 φορὰν,
948 1145 1003 1212 διὰ
1021 1149 1077 1234 τῆς
1094 1147 1257 1233 κενότητος
1285 1142 1418 1212 ἇνιόντα

327 1247 384 1323 καὶ
410 1249 514 1333 γυμνῇ
532 1245 730 1332 προοψαόειν
754 1249 794 1333 τῇ
821 1245 919 1334 ὀροφῇ
944 1243 1025 1310 κατὰ
1052 1244 1088 1312 τό
1119 1256 1269 1334 παρεῖκον
1298 1248 1354 1313 καί
1377 1251 1413 1334 τῇ
1507 1263 1508 1338 t

328 1346 433 1435 βύρσῃ
463 1343 700 1431 περιεχόμενον,
737 1339 851 1429 ἥκιστα
885 1349 920 1410 δὲ
946 1349 979 1422 ές
1003 1344 1044 1410 τά
1073 1342 1164 1421 ε’κτός
1195 1338 1338 1431 διαρρεῖν
1366 1344 1455 1409 scito

328 1445 578 1532 δπεκφέρεσδαι.
598 1448 701 1509 ταῦτα
717 1442 755 1529 δη
772 1437 830 1508 οὖν
846 1447 880 1509 ἐκ
900 1449 957 1510 τοῦ
977 1440 1121 1530 ἆφανοῦς
1136 1443 1420 1526 καταστησάμενος,
1507 1441 1508 1512 i

327 1547 389 1631 πῦρ
407 1544 496 1628 ἐνῆκε
509 1540 650 1628 σφοδρόν
666 1539 815 1618 δπότούς
832 1545 895 1608 τῶν
912 1541 1051 1627 λεβήτων
1061 1546 1235 1624 πυθμένας,
1248 1544 1304 1606 καί
1317 1539 1420 1627 φλόγα

327 1645 426 1726 ἐξῆψε
441 1639 587 1726 μεγάλην·
617 1635 731 1704 αὐτίκα
748 1643 784 1704 δὲ
799 1644 857 1705 τοῦ
873 1637 989 1718 ὕδατος
1006 1643 1236 1726 διαθερομένοο
1257 1638 1313 1704 καὶ
1340 1639 1423 1712 οἶνο-

327 1740 552 1823 καγλάζοντὸς,
569 1732 669 1821 οἷτμὸς
700 1741 819 1824 ἐπῆρτο
836 1737 935 1814 πολδς
959 1737 1013 1803 καί
1027 1733 1244 1822 δνεᾷῥιπιζετο
1262 1739 1371 1820 παχύς
1388 1761 1420 1802 τε

325 1839 381 1903 καί
391 1838 642 1919 πεπυκνωμένος·
671 1831 727 1906 οόκ
740 1835 824 1920 ἔχων
840 1840 876 1903 δὲ
891 1834 950 1922 ὅπη
966 1837 1134 1922 διαχαδειή
1142 1887 1152 1920 ,
1181 1835 1236 1902 ε’πί
1254 1835 1329 1912 τούς
1354 1833 1451 1906 ari-15

329 1934 406 2012 λοός
424 1931 566 2023 οἷνεῖρπε,
598 1942 654 2002 καὶ
676 1941 723 2026 τῇ,
737 1938 900 2023 στενότητι
920 1933 1120 2019 πιεζόμενος,
1148 1934 1325 2023 βιαιότερον
1347 1932 1421 2002 aisa·

236 2049 262 2102 Ρ.
272 2038 489 2117 151πέμπετο,
525 2039 585 2112 ἕως
597 2037 634 2124 τῇ
649 2039 742 2125 στέγη
759 2035 962 2123 προσπταίων
982 2039 1243 2120 ἐνδελεχέστατα,
1273 2033 1421 2120 ἐδόνησεν

329 2128 464 2198 ἅπασαν.
479 2137 534 2197 καὶ
551 2135 721 2216 διέσεισεν,
741 2129 815 2200 ὅσον
830 2135 1021 2220 ὑποτρέμειν
1035 2131 1213 2220 ἠρέμα-καί
1225 2136 1423 2220 διατετριγέ-

328 2257 382 2297 ναι
404 2229 444 2296 τὰ
463 2229 552 2310 ξόλα.
586 2233 616 2296 οἱ
635 2237 670 2298 δὲ
695 2236 784 2320 οἰμφί
808 2231 864 2298 τόν
882 2231 1018 2318 Ζήνωνα
1035 2231 1242 2320 ἐταράττοντο
1266 2231 1321 2296 καὶ
1337 2233 1423 2297 ἐδεί-

327 2354 460 2412 μαινον,
498 2329 553 2394 καὶ
571 2326 659 2419 οἷμφί
678 2330 736 2418 τὴν
757 2331 920 2420 λεωφόρον
944 2335 1107 2427 ἐξέπιπτον
1130 2333 1339 2415 ποτνιώμενοι
1361 2331 1455 2399 aruino

328 2431 479 2513 βοῶντες,
512 2431 567 2495 καί
593 2432 639 2519 τῷ
662 2431 754 2519 δεινῷ
774 2433 1075 2517 καταπεπληγμένοι·
1105 2433 1223 2519 φοιτῶν
1243 2455 1278 2496 τε
1300 2431 1421 2507 ἐκεῖνος

401 2568 423 2603 ι.
443 2547 475 2601 δὲ
493 2543 547 2603 οὖν
564 2553 596 2608 R.
689 2554 715 2605 6.
736 2556 796 2608 τοῖς
813 2548 911 2607 δόκοις
928 2552 957 2601 R.
1044 2570 1068 2620 7.
1087 2551 1277 2621 ἐνπερόνηοεν
1295 2552 1324 2601 R.
1397 2571 1423 2621 p

397 2636 457 2690 γαμ
485 2656 492 2671 .
512 2657 519 2673 .
539 2658 546 2671 .
564 2622 593 2670 R.
645 2622 684 2674 13.
697 2620 914 2705 ,διαθερομένοο
931 2623 959 2671 R.
969 2620 1056 2690 Lugd.
1079 2631 1107 2675 et
1125 2624 1169 2675 ed.
1177 2640 1227 2707 pn,
1246 2622 1425 2707 διαθερμαι-

397 2690 890 2830 ttt‘t‘gtitt0’55‘tt‘tt‘titit·
905 2693 1066 2815 „tatuit
1077 2702 1182 2746 '⁶³⁰¹‘
1201 2693 1255 2833 '1¹2¹
1267 2692 1426 2839 &titt

398 2827 487 2950 ἔφερε
502 2829 607 2964 ἰιρφργέ.
616 2831 710 2970 φριὲδ.
728 2848 779 2901 pn,
798 2828 886 2901 ταχὺς
912 2848 946 2883 ex
963 2830 1049 2900 bugd.
1076 2848 1128 2903 mg.
1155 2833 1226 2898 Pan,
1245 2834 1317 2887 citus
1333 2834 1424 2901 Intpr.

331 3016 460 3071 coriaceis
475 3015 673 3078 circumdedit,
693 3016 821 3069 inferiori
833 3015 945 3088 quidem
957 3017 999 3069 sni
1016 3026 1093 3087 parte
1110 3017 1264 3081 latioribus,
1282 3024 1427 3071 attatum

329 3086 452 3139 lebetum
472 3088 603 3138 ambitum
626 3087 817 3155 obstruerent;
854 3087 954 3139 deinde
975 3089 1063 3140 instar
1082 3089 1164 3140 tubae
1184 3090 1214 3139 in
1236 3090 1429 3157 angustiorem

331 3157 444 3208 sormam
467 3157 587 3208 redactas
607 3166 636 3208 et
661 3158 691 3208 iu
714 3158 814 3209 iustam
837 3159 1043 3227 proportionem
1068 3158 1223 3210 desinentes
1246 3157 1376 3210 trabibus
1397 3168 1430 3210 et

330 3227 431 3278 tabulis
451 3244 542 3279 earum
560 3228 744 3277 extremitates
759 3228 865 3292 infixit,
889 3238 1068 3299 accurateque
1090 3230 1261 3291 infibulavit,
1279 3231 1318 3279 ita
1343 3238 1430 3280 utet
1507 3264 1508 3281 ι

330 3303 377 3348 air
394 3297 428 3348 iis
443 3297 540 3347 fistulis
558 3304 714 3365 conceptus,
727 3298 816 3349 libero
838 3298 949 3369 quidem
964 3301 994 3349 in
1008 3300 1092 3350 altum
1109 3301 1212 3367 impetu
1226 3300 1353 3360 ferretur,
1374 3316 1431 3368 per
1507 3330 1508 3365 3

332 3384 421 3418 carum
437 3368 579 3417 cavitatem
592 3382 699 3417 sursum
715 3366 849 3430 tendens,
868 3368 945 3421 etad
964 3368 1067 3420 nudum
1084 3370 1149 3421 tecti
1167 3370 1314 3438 fastigium,
1326 3369 1432 3439 quoad
1507 3410 1508 3433 η

332 3438 390 3487 eius
408 3435 608 3505 fierinpotcrat,
632 3436 714 3494 etiam
735 3439 809 3488 corio
826 3437 1022 3491 circumdatum
1038 3442 1212 3509 pertingens,
1231 3441 1301 3491 foras
1326 3449 1431 3491 autem
1507 3456 1508 3459 ¹

332 3522 507 3576 nequaquam
526 3504 665 3556 difflueret
682 3513 730 3557 aut
751 3516 910 3577 erumperet.
948 3508 996 3561 His
1014 3510 1109 3579 itaqua
1129 3527 1162 3561 cx
1182 3510 1288 3561 occulto
1303 3511 1344 3561 ita
1366 3510 1432 3562 dis-

330 3577 447 3643 positis,
471 3575 591 3626 validum
613 3575 704 3644 ignem
723 3576 845 3630 lebetum
860 3578 953 3630 fundis
975 3579 1107 3641 subiecit,
1127 3588 1155 3630 et
1177 3582 1315 3649 ingentem
1341 3580 1429 3630 flam-

332 3662 403 3696 rnam
423 3646 562 3701 excitavit.
601 3644 699 3696 Statim
716 3660 779 3698 vero
804 3650 925 3700 fervente
947 3656 1029 3719 atque
1047 3658 1221 3702 exaestuante
1239 3668 1318 3720 aqua,
1336 3667 1432 3719 vapor

334 3717 436 3768 multus
462 3718 594 3768 excitatus
613 3723 642 3767 et
657 3716 687 3765 in
702 3716 787 3767 altum
804 3719 924 3773 sublatus
940 3727 989 3780 est,
1007 3719 1116 3788 rapidus
1132 3722 1233 3789 pariter
1255 3728 1282 3770 et
1299 3719 1431 3772 densus:
1507 3718 1508 3721 ’

336 3800 452 3854 cumque
476 3805 532 3838 non
549 3784 678 3848 haberet,
692 3803 746 3856 qua
765 3786 980 3851 diffunderetur,
1003 3792 1033 3841 in
1053 3790 1155 3841 fistulas
1176 3790 1353 3853 efferebatur,
1375 3808 1434 3841 an-

336 3856 477 3924 gustiaque
491 3874 615 3926 pressus,
633 3856 735 3907 maiore
749 3858 777 3907 vi
796 3874 899 3911 sursum
911 3859 1057 3923 tendebat,
1080 3860 1167 3912 donee
1182 3864 1212 3913 in
1226 3869 1328 3912 testum
1348 3862 1432 3911 assi-

337 3920 391 3972 duo
413 3924 515 3992 impetu
542 3929 709 3996 impingens,
726 3934 816 3978 totum
838 3945 996 3981 concussum
1019 3939 1236 4000 commotumque
1256 3930 1323 3992 fuit,
1351 3930 1432 3982 adeo

336 3999 369 4043 ut
382 3991 458 4061 tigna
471 3998 569 4047 sensim
584 4004 731 4049 tremerent
746 4006 828 4068 atque
847 3998 999 4051 striderent.
1027 4000 1083 4070 Qui
1099 4016 1163 4054 vero
1178 4001 1278 4053 Zenoni
1294 4000 1435 4062 aderant,

336 4070 410 4114 metu
429 4078 459 4113 ac
473 4070 574 4117 terrore
594 4066 821 4137 corripiebantur,
837 4077 865 4119 et
883 4070 912 4120 in
923 4070 1025 4138 plateas
1042 4085 1101 4123 sese
1115 4070 1313 4141 proripiebant,
1338 4071 1437 4122 ohte-

337 4132 466 4186 stabundi
488 4142 516 4185 ct
537 4135 730 4201 vociferantes,
758 4138 877 4207 malique
903 4142 1031 4207 gravitate
1055 4143 1180 4209 perculsi.
1223 4141 1274 4192 Ille
1297 4156 1368 4193 vero
1398 4144 1437 4192 in

337 4205 438 4274 regiam
452 4219 482 4259 aa
505 4203 663 4271 conserens,
681 4216 760 4262 notos
777 4206 972 4277 interrogabat,
992 4210 1059 4281 quid
1080 4211 1146 4283 ipsis
1167 4210 1201 4265 de
1226 4219 1315 4265 terrae
1341 4220 1437 4265 motu
