3109 4950
323 295 406 394 aad
489 371 495 387 ,
755 311 964 380 λῦλΤΗΙλΕ

191 494 219 546 λ.
232 453 441 561 chitreium,
476 478 509 551 ἐς
530 467 605 558 ὅπερ
630 465 672 536 ἀν
694 468 750 534 καί
763 468 955 557 χωρήσαιεν.
981 467 1013 534 εί
1035 471 1094 550 μὲν
1120 458 1176 532 adr
1198 466 1355 550 μέγιστόν
1378 487 1433 527 τι

225 567 405 640 ¹1¹·291aut
424 573 497 648 τούς
511 576 664 653 πολέμους
686 579 753 646 τοῖς
779 567 952 651 Ῥωμαίοις
975 567 1142 652 διήνυστο,
1168 564 1224 630 καί
1241 565 1300 630 τού
1315 567 1434 650 mehr

203 671 211 685 '
289 669 452 758 -Ιιένεργόν
466 695 502 735 τε
520 669 577 735 καί
592 669 804 753 ἀληθεστάτην
823 661 939 754 ἤραντο
958 663 1071 748 δόξαν,
1100 663 1170 730 ὅδὲ
1191 663 1227 728 τό
1249 667 1434 746 δυσμενὲς

322 774 379 856 τῆς
402 771 512 854 ψυχῆς
538 769 593 858 καί
618 774 786 851 βασκαῖνον
818 764 1017 847 ἐπιδεικνύς,
1053 765 1269 852 διακωμφδεΐν
1303 757 1430 836 εύδύς

324 870 492 955 ἐπειρᾶτο,
513 867 568 932 καί
580 865 721 932 διαλύειν
738 864 797 948 τὴν
814 868 848 928 ἐκ
863 867 926 930 τεόν
942 863 1042 952 ἔργων
1062 861 1254 948 σεμνότητα,
1276 859 1463 948 φαύληνό

324 974 384 1054 μὲν
406 966 463 1052 τὴν
480 971 675 1054 ἐγχείρησιν,
703 963 898 1053 φαυλότατον
915 967 952 1028 δὲ
972 961 1008 1028 τό
1033 963 1132 1049 πέρας
1147 958 1332 1043 ἀποκαλῶν,
1355 958 1427 1024 καὶ

327 1063 403 1134 ούδὲ
418 1070 510 1132 τούτο
530 1068 699 1152 ἡμέτερον,
728 1059 810 1128 ἀλλά
830 1067 886 1127 τοῦ
907 1057 1071 1146 ἀλογιστου
1096 1065 1152 1146 τῆς
1176 1063 1283 1146 τύχης.
1322 1063 1357 1124 εἰ
1373 1062 1423 1124 δέ

328 1191 390 1232 που
407 1163 504 1249 τυχόν
514 1165 570 1230 καί
584 1163 788 1251 σφαλείημεν,
807 1163 886 1250 (πῶς
901 1165 937 1228 δὲ
958 1157 1072 1227 οἷόντε
1087 1159 1123 1224 τό
1144 1154 1344 1246 ἀνθρώπειον
1362 1157 1415 1241 μή

330 1261 408 1349 ούχί
432 1263 487 1331 καί
508 1261 588 1351 πρός
611 1258 760 1329 triremis
786 1264 1010 1345 μεταβάλλειν,
1042 1255 1111 1323 ἀλλ’
1136 1258 1190 1323 ἐπὶ
1214 1260 1277 1323 τῶν
1301 1253 1417 1322 αύτῶν

327 1361 381 1428 ἀεί
391 1365 588 1448 βεβηκέναις)
617 1359 635 1425 ό
656 1364 693 1426 δὲ
712 1359 853 1446 καθάπερ
876 1385 924 1436 τις
942 1358 1119 1440 αὐτόματος
1132 1360 1195 1421 τῶν
1216 1359 1470 1440 γιγνομένωνιο

328 1461 455 1551 κριτὴς,
473 1461 533 1546 την
551 1463 611 1542 μὲν
625 1458 726 1544 τύχην
747 1455 850 1537 siric
864 1453 954 1545 ἀφίει
969 1459 1032 1522 τῶν
1050 1454 1251 1540 ἐγκλημάτων
1267 1452 1416 1518 ἀνεύθυ-

243 1585 404 1648 p,ffl-ror,
431 1561 482 1638 ὥς.
495 1555 532 1624 ού
552 1557 646 1641 μετόν
667 1584 748 1644 αντη
765 1583 822 1624 του
844 1563 1032 1640 συμβάντος
1062 1551 1102 1642 ἦν
1122 1557 1159 1620 δὲ
1175 1554 1298 1628 πάντας
1320 1553 1415 1638 αύτῷ

329 1659 580 1748 προεσκεμμένον
597 1656 652 1720 καί
668 1661 830 1744 ἐγκριδέν,
859 1659 959 1742 μηδὲν
982 1648 1058 1721 ἀλλο
1081 1658 1183 1719 δοκεῖν
1204 1651 1305 1716 αἴτιον
1326 1646 1416 1716 εἶναι

330 1762 388 1825 τού
407 1759 521 1834 ἐνδεεῖς
550 1756 627 1840 ἡμῖν
648 1780 681 1820 τι
705 1759 908 1842 πεπρᾶχθαι,
935 1750 1066 1840 ἢμόνον
1088 1749 1257 1838 ἀνανδρίαν
1284 1751 1414 1834 γνώμης

331 1857 387 1934 ναί
406 1858 524 1940 χειρῶν
546 1855 715 1920 ἀσθενεάιν
740 1853 797 1920 καί
823 1852 1048 1937 βουλευμάτων
1078 1847 1275 1938 ἀβελτηρίανι
1296 1846 1332 1913 τό
1349 1844 1461 1932 γάρι5

331 1953 526 2036 παλίμβολον
541 1954 598 2037 τῆς
613 1950 713 2038 τύχης
727 1957 783 2019 καί
798 1945 928 2018 άτακτον
943 1955 998 2018 καί
1014 1947 1187 2036 ἀλόγιστον,
1206 1947 1262 2014 καί
1274 1941 1321 2025 οἷς
1338 1949 1416 2010 καθ’

331 2054 421 2139 ἡμῶν
442 2050 543 2136 αύτὴν
560 2053 778 2139 διελοιδορεῖτο
786 2105 796 2136 ,
815 2047 962 2134 οὐδαμῶς
979 2055 1072 2136 ἐπῆγε
1090 2058 1157 2128 τοῖς
1172 2045 1350 2130 πολεμίους,
1372 2043 1435 2122 ὦς’

333 2155 369 2219 ἐκ
385 2150 505 2217 τούτων
522 2152 624 2236 ἡμᾶς,
645 2149 729 2218 ούτιο
755 2152 937 2238 παρασχόν,
956 2149 1247 2240 ύπερβαλλομένοις.

415 2248 458 2315 δ’·
498 2250 593 2333 „Kal
617 2251 722 2317 τοίνυν
738 2249 854 2341 ἀνεβόα
875 2254 977 2317 ταῦτα
994 2252 1190 2336 περιφανῶς,
1222 2252 1277 2314 καί
1293 2251 1417 2331 γνῶναι

335 2358 484 2437 παρεῖχεν
497 2345 536 2413 ού
558 2349 655 2433 μόνον
670 2360 736 2426 τοῖς
756 2342 966 2437 στρατεύμασι
982 2353 1045 2415 τῶν
1065 2350 1220 2434 Περσῶν,
1242 2340 1289 2422 οἷς
1304 2345 1342 2432 δὴ
1360 2343 1459 2408 raiae

335 2452 453 2531 ἕκαστα
486 2450 654 2517 διεπονεῖτο
683 2446 938 2543 καίκέπρασσεν,
971 2442 1042 2512 ἀλλ’
1066 2441 1165 2523 cridia·
1189 2442 1417 2533 ἀγγελιαφόροι

337 2550 500 2622 σταλέντες
532 2546 610 2635 πρός
641 2544 742 2613 αύτού
771 2545 968 2632 διεκήρυττον
992 2548 1038 2623 εἷς
1063 2544 1221 2633 Ἰβηρίαν,
1249 2547 1294 2621 είς
1318 2546 1417 2609 'Alu-

340 2691 364 2712 ”
407 2686 434 2735 3.
450 2678 536 2749 ἤρατο
553 2681 583 2731 lt
664 2698 703 2733 ro.
721 2678 869 2747 βεβηκόσιν
886 2682 915 2732 Β.
988 2684 1027 2733 13.
1045 2679 1279 2751 προεσκεμμένον
1298 2676 1339 2741 a,
1356 2692 1415 2735 πα·

297 2776 300 2781 -
408 2752 603 2821 ρεσνεμμένον
618 2750 691 2819 vulg.
754 2769 792 2820 ¹7·
814 2748 905 2817 adesir
926 2754 969 2816 lt,
986 2751 1081 2805 adesir
1098 2752 1168 2821 vulg.

334 2878 418 2944 ,rabat
434 2884 525 2929 tamen
543 2886 665 2930 accurate
681 2879 848 2947 proeliorum
864 2888 968 2944 motus,
986 2898 1039 2951 quo
1055 2879 1206 2932 tenderent
1230 2876 1259 2935 Si
1276 2874 1344 2948 quid
1360 2876 1416 2943 igi-

340 2959 387 3001 tur
403 2950 540 3017 praeclare
565 2966 581 2999 a
598 2951 722 3001 Romanis
745 2960 817 3003 esset
839 2961 958 3020 gestum,
987 2960 1015 3003 ct
1038 2959 1173 3003 strenuam
1194 2950 1417 3015 verissimamque

340 3019 468 3071 victoriae
484 3017 592 3070 laudem
610 3028 805 3089 reportassent,
829 3022 888 3091 ipse
907 3020 1036 3074 hostilem
1057 3039 1135 3072 suum
1158 3021 1335 3089 invidiamque
1352 3016 1416 3067 ani-

340 3106 413 3143 mum
425 3088 562 3141 declarans
575 3129 584 3154 ,
601 3090 761 3142 mordaciter
774 3092 906 3143 comicum
919 3094 948 3145 in
962 3108 1064 3143 morem
1078 3090 1192 3143 irridere
1212 3101 1242 3144 et
1255 3103 1345 3143 rerum
1369 3102 1418 3155 gen

341 3169 442 3211 starum
459 3160 630 3229 splendorem
647 3177 678 3211 ac
691 3161 849 3231 dignitatem
865 3166 995 3221 offuscare
1018 3162 1171 3223 nitebatur,
1193 3160 1303 3215 ridiculi
1326 3155 1419 3223 coepti

341 3230 488 3283 ridiculum
512 3237 637 3282 eventum
664 3232 820 3300 appellans,
850 3234 953 3303 quique
976 3250 1032 3283 non
1048 3234 1168 3300 ipsorum
1181 3225 1419 3290 fortitudini,sed

342 3302 470 3351 fortunae
487 3302 636 3352 temeritati
652 3300 804 3354 deberetur.
841 3302 935 3356 Sicubi
953 3320 1017 3355 vero
1038 3301 1159 3355 fortassis
1175 3303 1245 3371 lapsi
1264 3300 1418 3358 fuissemus,

344 3371 408 3439 (qui
427 3371 500 3420 enim
513 3370 571 3421 fieri
584 3373 679 3438 possit,
691 3381 723 3425 ut
735 3390 776 3424 res
794 3370 926 3425 humanae
937 3391 992 3425 non
1004 3374 1032 3424 in
1051 3372 1214 3427 contrarium
1229 3376 1348 3439 vergant,
1370 3364 1419 3417 ted

342 3448 476 3511 perpetuo
490 3441 519 3492 in
530 3456 584 3492 uno
595 3439 745 3513 eodemque
759 3450 829 3494 statu
845 3442 1059 3512 permaneanti)
1076 3450 1134 3493 tum
1150 3443 1203 3497 iste
1224 3448 1352 3509 tanquam
1374 3437 1418 3486 ul-

343 3518 455 3562 troneus
471 3509 581 3579 quidam
595 3518 740 3563 eventuum
765 3510 864 3576 iudex,
888 3514 1022 3565 fortunam
1037 3512 1154 3581 ¹quidem
1172 3514 1281 3576 statim,
1304 3505 1419 3579 perinde

345 3598 377 3632 ac
394 3582 417 3631 si
430 3588 541 3631 eventus
556 3597 644 3631 rerum
661 3579 695 3632 ab
712 3598 744 3632 ea
761 3599 817 3633 non
831 3582 999 3651 penderent,
1020 3583 1098 3651 culpa
1114 3584 1188 3635 omni
1202 3581 1350 3634 liberabat:
1367 3574 1421 3627 hoc

345 3667 408 3702 vero
427 3652 509 3701 fixum
527 3651 554 3701 ei
571 3650 763 3721 decretumque
780 3652 922 3714 manebat,
952 3652 1053 3703 nullam
1070 3653 1152 3703 aliam
1170 3670 1227 3705 esse
1254 3664 1359 3703 causam
1380 3644 1422 3696 rei

245 3762 247 3767 ,
344 3736 440 3787 parum
459 3721 530 3772 bene
546 3738 562 3770 a
580 3720 659 3771 nobis
678 3730 783 3789 gestae,
799 3728 905 3790 praeter
922 3722 1007 3773 solam
1023 3721 1106 3773 animi
1117 3724 1277 3785 mollitiem,
1294 3731 1421 3771 manuum

348 3788 567 3842 imbecillitatem
590 3798 619 3842 et
643 3790 821 3842 consiliorum
838 3792 1022 3843 stoliditatem.
1060 3793 1196 3846 Fortunae
1214 3794 1288 3844 enim
1301 3786 1422 3841 mutabi-

347 3857 471 3921 litatem,
490 3855 699 3913 inconstantiam
724 3869 753 3911 et
771 3862 952 3913 temeritatem
970 3862 1081 3926 utalia,
1098 3880 1168 3932 quae
1184 3863 1265 3917 nobis
1285 3866 1423 3912 contume-

345 3926 415 3977 liose
433 3928 596 3994 obiiciebat,
613 3928 737 3981 hostibus
752 3948 923 4001 nequaquam
940 3930 1126 3997 adscribebat,
1150 3944 1279 4003 tanquam
1296 3930 1371 3983 hisce
1388 3926 1423 3977 (18

347 3998 447 4058 causis,
459 4002 603 4052 'occasione
618 4001 657 4051 ita
674 3999 781 4064 oblata,
812 4019 860 4053 nos
879 4012 1055 4071 superassent

415 4084 440 4135 9
476 4067 563 4125 „Haec
581 4074 673 4140 itaque
688 4071 736 4122 ille
751 4071 945 4141 proclamabat,
963 4082 992 4126 et
1007 4040 1244 4143 significabatnon
1259 4070 1347 4121 solum
1362 4068 1424 4122 Per·
1464 4080 1468 4089 ·
1531 4060 1532 4067 ¹

349 4152 437 4189 sarum
459 4139 641 4202 exercitibus,
665 4140 765 4210 quibus
784 4143 894 4212 quidem
913 4145 961 4195 ille
984 4145 1065 4197 etiam
1084 4144 1189 4213 singula
1213 4150 1241 4193 ct
1266 4136 1425 4191 elaborabat

350 4214 378 4258 et
401 4206 575 4278 perficiebat,
599 4210 646 4260 sed
673 4212 764 4275 nuntii
788 4214 881 4264 statim
900 4214 934 4265 ab
970 4216 1028 4283 ipso
1051 4216 1141 4267 emissi
1159 4213 1188 4265 id
1205 4210 1379 4281 perferebant
1396 4209 1425 4257 in
