3109 4950
303 286 386 408 υθέ
741 309 952 379 neaman

166 484 197 539 A.
208 465 403 549 (3.556ματός
418 490 452 532 τε
467 466 565 551 μετῆν
581 468 636 531 καί
650 456 839 551 παρρησίας,
857 462 902 539 ιύς
919 462 974 529 καί
982 463 1197 549 στρατεύματι
1211 462 1387 554 Ῥωμαϊκῷ

89 554 94 567 ’
200 556 562 653 1’[3οθαρλραλεούτερον
582 562 811 647 ἐγκελεύεσθαι.
833 554 923 639 οὗτος
938 561 974 649 δι)
994 556 1084 628 ούνά
1103 560 1246 649 στρατὸς,
1266 566 1386 648 θέρους

300 660 361 751 ἤδη
383 664 634 747 ἐπιγιγνομένου,
655 666 688 738 ἐς
707 660 764 746 τὴν
787 664 852 727 τῶν
882 661 1036 745 Ἀιμιλίων
1053 664 1152 727 ἵκοντο
1165 660 1285 746 χώραν.
1306 664 1384 743 ,θου-

301 767 445 847 λσμένοις
463 787 497 825 τε
514 758 622 837 αύτοῖς
640 759 700 826 ἀνά
714 759 752 826 τά
768 760 874 847 πρύσω
894 764 992 842 ἰέναι,
1020 758 1149 842 κώλυμα
1166 762 1288 843 γέγονεν
1311 754 1384 841 ύμι-

301 872 354 940 λος
374 859 553 949 Περσικὸς,
582 862 680 924 αύτού
698 884 759 924 που
783 863 1018 943 ξυνειλεγμένσς.
1052 857 1294 940 συναισθόμενοι
1320 856 1404 944 γάρὸ

301 963 355 1047 τῆς
369 964 431 1026 τῶν
455 957 621 1040 ‘Pinnata
638 962 854 1044 παρασκευῆς,
876 961 931 1023 καί
948 953 998 1023 ὅτι
1013 960 1067 1022 snt
1077 955 1152 1033 τούς
1165 955 1386 1037 Μισιμιανούς

268 1058 461 1146 ῃέχιύρουν,
495 1050 627 1145 ἄραντες
651 1054 685 1121 ἔκ
707 1081 741 1121 τε
769 1057 904 1143 Ἰβηρίας
921 1059 976 1121 καί
991 1057 1055 1121 τῶν
1070 1054 1156 1142 ἀμφί
1169 1054 1385 1141 Μουχείρισιν

299 1160 518 1240 πολισμάτων,
546 1150 642 1245 ᾔεσαν
666 1158 720 1221 καί
733 1158 765 1221 ol
780 1158 828 1220 ἐπ’
846 1154 1000 1238 ἐκείνους,
1020 1152 1339 1241 προκαταληψόμενοί
1351 1180 1384 1219 τε

299 1255 358 1342 τήν
371 1254 501 1342 χάραν,
523 1257 576 1320 καί
592 1259 625 1331 ές
642 1253 774 1337 δύναμιν
791 1253 1002 1340 ἐσαράξαντες.
1034 1256 1078 1341 τῷ
1095 1277 1143 1316 τοι
1159 1245 1223 1338 άριι
1248 1252 1276 1317 οἱ
1299 1255 1384 1320 Ῥω-

301 1366 391 1439 μαῖοι
408 1351 467 1421 ἀνά
485 1354 525 1421 τά
544 1354 683 1443 φρούρια
698 1357 762 1421 τῶν
781 1356 938 1439 ’Λιμιλίων
956 1354 1255 1437 ἀπούιατρίβοντες,
1280 1378 1428 1438 napa-ro

301 1460 474 1541 κρούεσθαι
499 1452 535 1519 τύ
564 1452 666 1542 παρὸν
691 1453 746 1519 καί
772 1454 953 1536 διαμέλλειν
977 1451 1146 1537 ἐπειρῶντο
1154 1504 1165 1534 ,
1197 1448 1298 1536 έωςῆ
1327 1455 1384 1516 τού

300 1558 419 1639 θέρους
444 1549 514 1641 ἀρα
540 1553 653 1639 ἐξήκοι.
704 1557 851 1639 Πέρσαις
871 1576 904 1616 τε
923 1549 982 1636 γάρ
1008 1546 1074 1633 ἅμα
1088 1549 1143 1614 καί
1170 1555 1384 1632 Μισιμιανσῖς

301 1652 544 1718 ἀντιτάττεσθαι
579 1649 730 1735 ἀνόνητόν
752 1678 783 1715 τι
809 1646 919 1727 αύτσῖς
937 1646 1039 1713 έύόκει
1060 1648 1115 1714 καὶ
1131 1648 1386 1736 σφαλερώτατον.

301 1748 387 1819 oilae>
417 1751 455 1839 a)
485 1746 543 1818 σύν
568 1748 736 1837 ἀμφότεροι
760 1748 800 1814 τά
823 1750 1047 1837 στρατεύματα
1069 1744 1197 1833 ἠρέμει,
1235 1745 1290 1812 καί
1312 1744 1385 1813 ούύὲ

299 1852 443 1938 ὁπότεροι
465 1852 498 1928 ές
519 1848 554 1916 τύ
579 1852 755 1937 περαιτέρω
783 1853 895 1937 φοιτᾷν
929 1848 1141 1929 ύιανίσταντσ,
1177 1843 1246 1913 ἀλλ’
1275 1846 1424 1931 inari-15

300 1976 379 2038 ρουν
391 1948 544 2035 ἀλλήλους
558 1954 613 2015 καί
628 1950 786 2032 ἀνέμενον,
809 1948 841 2013 εἴ
856 1952 892 2034 γέ
910 1975 958 2026 τις
971 1948 1121 2035 πρότερος
1140 1944 1307 2033 ὅρμηθείη.
1327 1972 1386 2009 πα-

290 2048 400 2139 Δρῆσαν
413 2052 457 2115 di
488 2058 552 2127 τοῖς
567 2052 713 2137 Πέρσαις
749 2052 804 2113 καί
821 2042 935 2115 Ούννοι
956 2048 1106 2133 Σάβειρσι
1128 2049 1183 2113 ἐπὶ
1203 2047 1388 2134 μισθοφορᾷ

209 2151 606 2237 Ρ,1ορπρσσβοηθὴσον’τις.
653 2150 744 2214 τοῦτο
770 2146 830 2236 γάρ
853 2145 889 2213 τύ
913 2150 999 2231 γένος
1017 2144 1164 2231 μέγιστόν
1188 2147 1224 2211 τέ
1244 2144 1314 2211 ἐστι
1335 2146 1389 2208 καί

306 2241 576 2333 πολυάνθρωπον,
598 2246 804 2335 φιλοπόλεμόν
818 2272 852 2313 τε
870 2250 903 2325 ές
923 2244 963 2312 τά
983 2243 1123 2330 μάλιστα
1146 2247 1201 2310 καί
1221 2242 1386 2330 άρπαλέον,

224 2356 256 2413 V.
265 2348 361 2418 θδκαί
377 2343 442 2415 οἷον
466 2345 503 2432 dr}
529 2340 586 2411 σύν
604 2342 657 2411 olai
679 2351 743 2412 vois
761 2343 894 2411 ὀθνείων
916 2344 1074 2433 ἐφίεσθαι·
1102 2348 1225 2428 μισθοῦ
1244 2369 1284 2411 τε.
1297 2346 1427 2410 irenaeo

297 2446 397 2532 μόνου
420 2448 549 2531 καὶτῆς
569 2447 679 2534 ε’πύτῇ
699 2445 765 2536 λείρ
787 2447 912 2522 έλπίύσς
938 2446 995 2509 νύν
1012 2448 1072 2527 μὲν
1092 2433 1212 2523 τούτοις
1219 2498 1229 2528 ,
1265 2446 1324 2509 νῦν
1351 2444 1386 2507 di

301 2546 430 2623 ἐκείνοις
439 2599 449 2629 ,
476 2548 534 2611 νύν
552 2547 587 2610 δὲ
605 2538 689 2633 άλλιρ
708 2569 751 2634 τῳ
770 2549 949 2628 ξυμμαχεῖν
964 2542 1019 2611 καί
1035 2543 1337 2624 ξυνδιακινύυνεύειν
1354 2544 1385 2618 ἐς

370 2685 394 2718 a.
411 2663 621 2718 ἐκκαλεύεσθαι
637 2663 700 2734 (sio)
717 2665 746 2714 a.
822 2653 851 2717 8.1
865 2663 961 2717 ἐκεῖνα
976 2666 1006 2715 R.
1085 2685 1111 2734 9.
1128 2662 1229 2716 ταύτσι
1245 2664 1274 2714 ll.
1348 2677 1385 2713 ra.

368 2749 398 2786 τε
417 2752 469 2786 om.
487 2736 517 2786 R.
571 2733 611 2800 τά.
631 2733 827 2803 στρατεύματα
850 2737 879 2786 R.
897 2743 926 2786 et
944 2737 1027 2804 Intpr.
1046 2736 1193 2798 exercitus,
1211 2728 1387 2803 στρατόπεδα

368 2805 438 2873 vulg.
487 2822 524 2872 ις.
543 2807 743 2874 μισθοφοραῖς
760 2806 789 2854 Β.
828 2808 867 2858 ιὸ.
885 2807 966 2875 says
981 2811 1037 2860 ἔστ.
1057 2810 1086 2857 R.
1139 2807 1250 2861 κωπῶν
1266 2803 1388 2856 ὀθνείων

368 2876 443 2938 Pan,
461 2891 514 2939 την
525 2875 653 2948 ,ὀθνείων
666 2877 693 2925 ll.
713 2875 797 2944 Lugd.
819 2884 849 2928 et
863 2877 905 2928 ed.
918 2893 958 2946 pr.
1043 2895 1085 2931 aa.
1104 2882 1267 2949 συμμαχεῖν
1283 2875 1354 2943 vulg.

299 3009 352 3063 llio
368 3013 462 3083 itaque
481 3013 614 3064 exereitus
633 3021 735 3066 aestate
755 3013 809 3063 iarn
825 3015 935 3083 vigente
952 3015 981 3066 in
997 3013 1164 3082 Apsiliorum
1183 3016 1323 3085 regionem
1339 3031 1386 3065 ve-

300 3090 392 3148 nerat,
411 3083 623 3154 volentibusque
642 3084 709 3153 ipsis
734 3084 849 3136 ulterius
868 3085 1012 3155 progredi,
1038 3085 1235 3153 impedimento
1255 3085 1310 3137 fuit
1326 3085 1389 3135 Per‘

300 3155 386 3204 sicum
411 3170 505 3223 agmen
529 3155 625 3207 eodem
648 3155 703 3206 loei
721 3155 872 3207 collectum.
910 3156 1025 3225 Cognito
1052 3157 1125 3207 enim
1143 3157 1322 3207 Romanorum
1339 3171 1388 3221 ap-

299 3231 414 3292 paratu,
450 3226 580 3310 quodque
606 3228 636 3276 in
660 3226 830 3278 Misimianos
858 3234 1016 3290 moverant,
1034 3227 1115 3278 motis
1134 3244 1168 3277 ex
1184 3227 1275 3277 Iberia
1293 3234 1321 3277 et
1345 3243 1390 3275 ca·

301 3296 402 3358 stellis,
430 3313 500 3366 quae
519 3313 590 3349 circa
616 3296 824 3350 Muchirisidern
847 3305 925 3360 sunt,
949 3298 1061 3360 eastris,
1085 3299 1195 3348 iverunt
1212 3296 1294 3347 etiam
1312 3297 1341 3347 hi
1358 3297 1388 3345 in

300 3365 374 3428 illos,
390 3367 615 3436 praeoccupaturi
632 3369 779 3436 regionem,
799 3376 828 3418 et
844 3385 894 3436 pro
912 3369 1017 3419 viribus
1035 3367 1158 3418 subsidio
1179 3366 1275 3422 futuri.
1312 3367 1388 3437 Quo-

301 3438 372 3488 circa
394 3437 506 3488 Romani
526 3440 596 3489 eirca
610 3437 781 3508 Apsiliorum
794 3439 908 3489 castella
921 3440 1129 3499 commorantes,
1149 3437 1307 3505 protrahere
1321 3454 1387 3488 eun-

301 3506 399 3558 etando
423 3525 479 3558 rem
503 3508 663 3570 tentabant,
689 3507 778 3560 donee
801 3509 896 3560 messis
933 3514 1041 3576 tempus
1072 3515 1143 3559 esset
1168 3508 1387 3577 praeterlapsurn.

230 3605 233 3615 ‹
300 3577 387 3630 Persis
403 3579 477 3630 enim
499 3578 626 3629 simulet
646 3577 810 3630 Misimianis
833 3581 964 3631 instructa
984 3579 1042 3630 asie
1061 3579 1169 3629 obviam
1187 3579 1228 3629 ire
1246 3579 1389 3629 inconsul-

301 3654 370 3711 tum,
389 3649 470 3700 immo
489 3649 747 3716 periculosissimum
766 3648 934 3704 iudicabant.
972 3648 1017 3700 sic
1037 3651 1076 3699 ita
1098 3657 1265 3717 neuterque
1285 3648 1389 3699 exerei-

301 3724 346 3768 tus
367 3721 533 3792 conquievit,
551 3734 641 3780 neque
659 3720 791 3770 alteruter
808 3717 843 3781 ad
862 3721 976 3770 ulterius
997 3668 1202 3787 procedendum
1217 3719 1316 3787 pedem
1330 3735 1390 3768 rno-

300 3788 356 3847 vit,
381 3788 429 3839 sed
455 3789 636 3842 observabant
660 3805 718 3841 sese
745 3796 838 3840 mutuo
859 3797 886 3840 at
907 3805 941 3839 ue
960 3790 1164 3856 exspectabant,
1183 3792 1206 3842 si
1235 3790 1297 3859 quis
1316 3790 1389 3856 prior

301 3866 429 3908 moveret.
466 3860 587 3912 Aderant
607 3875 672 3910 vero
690 3859 776 3910 Persis
795 3859 878 3909 etiarn
887 3808 1060 3911 llunnorom
1079 3859 1236 3911 Sabirorum
1250 3875 1388 3911 mercena-

302 3926 344 3978 ria
368 3929 477 3980 auxilia.
513 3933 560 3982 Est
583 3924 656 3982 enirn
681 3929 748 3980 baec
772 3928 847 3981 natio
874 3939 902 3982 et
921 3931 1038 3981 maxima
1056 3938 1085 3982 et
1103 3931 1333 4001 populosissima,
1352 3929 1390 3979 si-

303 3997 415 4067 mulque
434 4007 462 4048 et
482 3999 617 4052 bellorum
637 4009 665 4052 et
683 4001 794 4067 rapinae
813 3999 1021 4063 sitientissime,
1049 4018 1174 4072 quaeque
1193 4008 1326 4073 perpetuo
1347 3999 1390 4049 fo·

304 4069 340 4119 ris
359 4077 471 4119 externo
493 4069 522 4120 in
541 4073 599 4123 solo
618 4071 715 4140 degere
733 4079 822 4133 ornat,
842 4087 1002 4142 semperque
1027 4073 1117 4122 aliena
1141 4081 1286 4140 appetere,
1307 4071 1390 4122 solius

304 4137 436 4191 mercedis
456 4155 534 4189 eausa
553 4149 580 4188 et
597 4140 716 4208 praedae
735 4159 783 4210 ape
808 4141 889 4193 modo
909 4141 1019 4212 quidem
1037 4141 1097 4203 bis,
1116 4142 1196 4193 modo
1217 4140 1292 4203 illis,
1318 4155 1392 4190 nune

303 4210 381 4264 alteri
408 4210 490 4264 alicui
516 4225 574 4261 sese
603 4212 632 4261 in
653 4209 722 4264 belli
746 4220 775 4264 et
802 4213 986 4282 periculorum
1003 4213 1163 4266 societatem
1182 4209 1390 4282 coniungendo,
