3109 4950
531 329 573 396 ru
601 280 828 398 animun.
1133 307 1216 392 353

47 511 49 566 g
131 486 249 550 tandm
264 495 311 550 est
326 484 406 550 ordo
425 493 459 546 et
475 485 573 548 series
591 485 657 569 ipsa
673 487 850 564 festorum,
869 506 952 570 quae
966 485 1052 550 inter
1062 485 1217 566 Satanan·¹

47 585 49 616 ³
131 573 176 632 lia
199 571 320 634 censeri
340 578 485 652 possunt,
502 577 538 628 ut
562 572 805 646 etStrenarnm,
817 591 908 651 quoe
926 571 1010 631 inter
1029 591 1139 632 omues
1156 595 1216 655 po-

47 667 48 680 *
128 658 259 738 pulares
280 652 499 734 agitabantur,
522 659 558 712 ut
570 651 760 734 Septimouii
781 654 866 714 inter
880 662 1059 729 montanos,
1084 663 1117 714 et
1134 655 1216 716 Bru·

47 757 48 780 ³
126 759 198 797 snae
221 738 261 797 de
280 735 399 818 quibus
417 733 603 796 etiamalibi
620 734 852 801 Tertullianus.
878 735 979 798 Erant
994 735 1078 794 iuter
1104 736 1215 796 Satur·

47 857 48 862 κ
127 819 214 878 nalia
228 797 324 879 e'tiam
336 817 623 879 inteerristianos
640 826 673 877 et
684 818 875 878 Nomiualia.
902 819 959 882 lin.
967 819 1017 899 39.
1028 816 1148 893 [talea
1156 812 1216 880 soti

47 915 48 920 ’
125 897 290 975 Εὐξείνου.
308 901 438 962 Rectius
459 900 590 960 fortasse
613 894 666 958 deci
689 898 747 958 τού
769 893 930 977 Εὐξείνου,
952 907 988 960 ut
1012 901 1214 962 Ptolemaeus

47 1023 48 1030 ο
125 983 283 1065 loquitur.
334 983 449 1063 lin.49.
464 982 496 1056 [l.
510 977 633 1056 16.]aoi
647 973 724 1063 ἦχός
737 1003 787 1054 τις
797 975 901 1063 poprie
915 977 971 1044 nat
986 973 1093 1062 ἄγριος
1107 974 1211 1064 ὥσπερ

124 1065 242 1142 χθονία
260 1055 375 1146 βροντὴ
404 1064 439 1125 ἐκ
456 1063 511 1144 τῆς
533 1065 588 1144 γῆς
617 1063 860 1144 ἀναπεμπομένη
868 1110 880 1142 ,
907 1074 968 1132 etc.
1016 1066 1085 1126 Hoc
1111 1087 1213 1150 genus

123 1155 351 1225 terraemotus,
370 1147 559 1210 Aristoteles
578 1145 634 1208 lib.
659 1149 707 1210 De
721 1149 842 1208 mundo
857 1145 1013 1228 μυκητίαν
1036 1160 1149 1222 vocat,
1166 1149 1213 1209 in·

124 1231 260 1313 quiens,
289 1226 427 1308 γίνονται
456 1223 569 1289 δὲκαὶ
589 1231 742 1310 μυκητίαι
764 1228 890 1305 σοισμοί
918 1229 1051 1302 σείοντες
1081 1227 1136 1312 τὴν
1154 1229 1212 1313 γῆν

47 1355 48 1364 1
122 1310 205 1391 perd
230 1309 365 1393 βρόμου.
393 1311 515 1373 Seneca
533 1311 643 1378 Natus.
661 1321 785 1396 quaest.
805 1309 917 1373 tibio.
950 1313 1132 1392 Antequam
1148 1323 1211 1376 ter·

123 1417 159 1455 ra
187 1403 373 1472 moveatur,
401 1396 483 1457 solet
505 1393 644 1476 mugitus
669 1395 798 1472 audiri,
827 1395 933 1458 sentis
954 1395 988 1456 in
1020 1396 1129 1458 abdito
1155 1407 1211 1471 tu-

47 1509 49 1550 ς
121 1477 367 1540 multuantibus.
1096 1533 1100 1540 .

204 1577 283 1656 Pag.
299 1575 364 1652 146.
374 1577 429 1638 lin.
443 1575 487 1640 15.
498 1575 583 1654 [283‚
592 1583 637 1658 9.]
646 1574 761 1658 νιφετῶ
773 1569 864 1660 ὀλίγῳ
874 1565 1113 1657 inspectione.
1125 1571 1208 1660 vorti

119 1660 284 1737 Ninguore
306 1661 432 1722 minuto.
451 1659 538 1724 Pers.
560 1660 675 1720 leuiter
689 1633 820 1720 cadente
835 1661 916 1723 nive.
946 1659 1044 1741 longe
1063 1681 1081 1718 a
1101 1671 1207 1722 mente

47 1785 48 1812 2
119 1740 274 1802 authoris.
304 1740 525 1804 Differentiam
541 1741 623 1803 nivis
643 1740 941 1824 etninguorisvide
956 1742 1043 1824 apud
1058 1741 1209 1804 Arietate·

82 1892 88 1903 Ι
118 1823 572 1900 lemdemundo,et1lotasin
590 1845 664 1886 eum
679 1844 775 1887 meas
830 1821 1207 1898 lin.3o.[l.nla'ns'veeov.

47 1903 48 1980 ζ
118 1905 250 1970 Navole.
272 1905 360 1970 Pers.
375 1924 482 1966 arcem
500 1907 585 1966 facit.

47 1989 48 1996 ἵ
202 2002 654 2083 Pag.147.lin.or.[285,13.]
677 1993 724 2062 ὅτι
738 2021 772 2062 το
788 1997 823 2062 oi
845 1999 985 2084 γραπταὶ
1003 2000 1129 2077 σανίδες
1152 2002 1207 2068 καί

117 2077 159 2143 τοὶ
179 2077 260 2166 ῥάκη
273 2079 313 2144 τὰ
327 2081 538 2167 ὐσοσόρῳυροι
554 2085 598 2158 εἰς
617 2080 689 2146 τόδε
705 2075 794 2168 αὐτῷ
810 2081 1063 2165 οἷπετελεύτησοιν.
1074 2087 1206 2169 Signifi-

47 2213 48 2244 ,
117 2177 170 2227 cat
179 2165 267 2228 falsis
276 2167 550 2230 criminationibus
569 2167 685 2229 divites
696 2167 734 2227 ab
749 2167 901 2229 Anatolio
916 2167 1088 2229 maiestatis
1100 2171 1205 2250 pulsa·

47 2303 48 2326 ,
117 2259 180 2326 tos,
197 2258 233 2310 nt
251 2271 290 2310 eo
309 2250 438 2312 nornine
449 2250 736 2335 proscriberentur,
760 2259 792 2310 et
812 2269 922 2312 eorum
940 2250 1025 2310 bona
1040 2251 1116 2313 fisco
1131 2255 1205 2313 viu-

118 2331 314 2394 dicarentur.
336 2334 444 2411 Quare
459 2333 639 2417 applicabat
651 2353 762 2394 eorum
782 2333 927 2414 postibus
936 2333 1053 2414 Apioes
1073 2333 1205 2416 imperis

116 2415 183 2477 ales
200 2436 274 2477 cum
293 2437 443 2499 purpura,
463 2416 578 2499 quibus
593 2411 885 2499 proscribebantur.
925 2415 983 2480 Est
997 2416 1119 2499 aliquid
1139 2418 1202 2481 nto

116 2498 204 2581 apud
219 2497 412 2560 Cedrenum.
454 2500 531 2560 Nam
546 2500 638 2560 liberi
657 2500 877 2560 damnatorum
895 2500 1066 2561 maiestatis
1077 2490 1115 2558 οὐ
1130 2502 1236 2580 slep-V.
1258 2512 1303 2565 131

117 2579 285 2663 ρονομοῦσι
300 2581 362 2640 τῶν
370 2582 510 2661 πατρίων
519 2578 737 2663 ὑπαρχόντων.
789 2581 900 2646 lina&
912 2584 1011 2655 [l.15.]
1021 2578 1133 2662 τὴνείς
1142 2584 1202 2660 (lom

116 2664 207 2723 σιλέα
229 2650 355 2721 ednotus
377 2658 607 2743 προϊσχόμενος.
649 2665 708 2725 Hic
734 2664 927 2741 tarantasia,
952 2675 989 2734 ut
1007 2685 1089 2745 quae
1107 2673 1201 2725 antea

115 2739 191 2823 napi
204 2742 350 2825 γραστούν
365 2739 500 2804 σανίδων
521 2746 620 2823 dixit,
642 2768 706 2806 non
728 2746 931 2809 incommode
949 2746 1089 2831 intelligi
1108 2768 1199 2830 posse

114 2828 289 2889 videantur
300 2824 340 2885 de
360 2824 501 2887 Crimine
524 2828 752 2905 concussionis,
773 2831 862 2909 quod
884 2831 1035 2892 nimirum
1049 2838 1201 2913 praetex-

115 2918 152 2969 tu
166 2906 307 2969 mandati
331 2907 528 2989 Imperatorii
541 2919 573 2967 et
588 2918 710 2969 terrore
727 2911 911 2989 potestatis,
933 2912 1048 2985 illicite
1063 2911 1103 2972 ab
1120 2934 1198 2993 opu-

114 2990 305 3053 lentioribus
323 2992 423 3051 multa
439 2991 620 3051 extorsisset
639 3000 735 3069 atque
752 2990 949 3069 abstulisset,
968 2994 1054 3074 quod
1070 3002 1102 3053 et
1115 2993 1199 3068 indie·

115 3083 166 3134 eat
178 3094 238 3157 per
255 3094 388 3154 eaquae
405 3072 532 3151 subdit,
548 3072 603 3132 καί
621 3069 718 3155 ταύτῃ
740 3064 865 3132 ἅπαντα
880 3069 1103 3155 inemendato.
1138 3077 1199 3142 lin.

115 3156 162 3217 56.
172 3166 184 3231 [
191 3156 263 3233 286,
273 3156 316 3233 4.]
328 3148 504 3237 ξυνεχώρεο.
516 3156 617 3217 utitur
625 3155 736 3215 eodem
748 3155 844 3235 verbo
853 3153 936 3215 infra
946 3176 1014 3237 pag.
1027 3154 1155 3218 sontis.
1164 3158 1196 3223 8.

115 3240 253 3321 [517‚8.]
317 3240 372 3300 lin.
384 3238 543 3321 47.[l,13.]
556 3233 697 3319 καθάπερ
710 3232 739 3297 οἱ
754 3231 942 3315 στιγματιοιι.
956 3237 1009 3298 Ad
1023 3237 1103 3299 baec
1116 3260 1221 3313 vero,
1273 3303 1278 3315 „

114 3322 259 3404 stigmata
279 3322 396 3405 quibus
423 3320 570 3383 scelerati
602 3342 667 3381 non
702 3319 819 3402 expiati
842 3319 874 3379 in
906 3320 976 3402 hac
998 3320 1083 3397 vita,
1105 3320 1195 3402 apud

113 3400 234 3466 interos
249 3414 498 3488 cognoscuntur,
520 3405 649 3483 elegans
664 3412 749 3463 extat
768 3403 858 3463 locus
879 3404 965 3489 apud
981 3402 1193 3464 Claudianum

114 3485 170 3548 lib.
187 3509 217 3547 2.
237 3489 293 3549 ubi
314 3488 552 3551 Rhadamautus
571 3486 864 3556 ita'a'd‘Rnflinum.

197 3585 285 3667 Quid
308 3584 433 3648 demens
452 3586 620 3669 manifesta
647 3586 818 3665 negaslen
833 3598 942 3668 pectus
968 3587 1089 3650 inustae

192 3666 384 3745 Defbrmont
399 3670 538 3731 maculae
547 3716 560 3743 ,
581 3670 730 3751 vitiisque
748 3668 882 3730 inolevit
893 3670 999 3749 imago
1006 3711 1021 3741 ,

193 3750 261 3810 Nec
276 3770 343 3825 sese
361 3754 525 3813 commisso
544 3763 661 3833 tegunt.

91 3882 96 3896 ‘
110 3864 211 3926 Cuius
225 3864 289 3927 loci
299 3866 423 3925 monuit
432 3886 481 3927 me
492 3866 690 3933 doctissimus
708 3865 833 3928 iuvenis
845 3865 905 3928 flos
919 3861 1093 3926 nobilitatis
1110 3862 1189 3938 Hol·

112 3946 257 4011 landicae
276 3948 371 4009 lanus
380 3949 530 4014 DousnF.
585 3952 674 4025 tina
699 3950 811 4023 ,[ἱ.ι6.]
825 3941 1044 4027 εὐτυχέστερος
1058 3936 1124 4027 ἄρα
1148 3940 1188 4029 ἦν

110 4026 145 4088 ἐν
160 4027 268 4103 αὐτοῖς
291 4022 487 4100 ὅπεπονθύς
510 4030 569 4090 τοῦ
587 3972 748 4107 ἐσομίύου.
763 4030 898 4111 felicior
933 4031 1016 4089 neris
1040 4032 1095 4113 qni
1122 4033 1188 4091 inm

108 4114 236 4189 punitas
249 4112 366 4185 settin
384 4108 444 4172 bac
458 4109 523 4173 vita
540 4110 680 4187 scilicet,
710 4120 822 4195 utpote
842 4110 897 4173 vel
913 4110 1054 4174 violenta
1067 4122 1184 4186 morte,

110 4192 162 4269 vel
176 4192 240 4255 alio
256 4195 368 4277 aliquo
383 4191 545 4277 supplicio
564 4192 718 4268 affectus,
734 4202 830 4275 atque
842 4191 888 4253 ita
910 4192 1073 4277 expiatus]
1091 4210 1185 4274 quam

151 4304 155 4327 ¹
178 4290 318 4361 Αςοιίιίαο.
1011 4291 1043 4343 as
