3109 4950
313 245 384 304 vru
443 325 445 332 y
722 241 961 306 ommino.

313 415 369 451 non
382 398 493 460 omniuo
512 395 669 465 illepidum,
692 405 755 448 ante
774 399 874 450 multos
903 415 1002 461 annos,
1026 413 1115 453 rerum
1141 400 1386 468 cognoscendarum

314 517 402 564 eausa,
421 515 536 569 eumque
550 499 679 570 memoria
694 506 819 570 repetens
840 497 910 562 mibi
922 498 1118 568 persuadebam
1130 501 1178 553 illa
1196 505 1311 567 ratione,
1333 523 1391 557 non

315 603 402 664 excoli
421 602 531 672 quidem
556 609 639 672 atque
656 602 755 664 ornari,
776 611 961 654 verumtamen
980 607 1018 662 iu
1039 607 1137 674 corrigi
1151 623 1230 676 posse
1249 617 1288 671 ut,
1304 609 1390 678 spinis

316 713 398 778 atque
417 705 539 758 sentibus
554 706 661 768 evulsis,
679 706 744 757 satis
757 704 901 772 expeditos
914 707 1046 761 evaderet
1081 711 1147 761 Erat
1157 720 1246 766 autem
1261 712 1315 761 iam
1332 721 1392 764 tum

313 808 382 872 mihi
404 811 526 878 cognitus
550 815 632 888 atque
652 806 730 860 valde
754 823 831 866 carus
849 806 969 869 Ioannes
988 810 1133 865 Classenur
1141 851 1152 875 ‚
1172 811 1392 882 Hamburgensis,

315 913 365 982 qui
386 909 584 974 HERMANNI,
608 910 660 961 viri
676 909 790 972 summi,
817 908 962 977 disciplina
976 911 1131 977 institutus,
1148 912 1202 972 bue
1222 925 1343 980 venerat,
1360 924 1393 967 ut

316 1029 366 1064 nos
379 1029 498 1083 quoque,
514 1013 561 1083 qui
579 1012 609 1075 in
626 1009 678 1064 hac
692 1011 843 1061 litterarum
857 1013 1033 1064 universitate
1047 1013 1203 1084 disciplinas
1214 1017 1392 1089 philologicos

315 1116 497 1185 explicamus,
516 1113 631 1171 audiret.
675 1114 755 1171 Hune
773 1129 821 1183 ego
842 1114 968 1165 iuvenem
991 1119 1145 1187 egregium,
1169 1137 1250 1192 quem
1266 1139 1339 1173 nune
1363 1123 1394 1175 in

314 1219 493 1278 contubernio
512 1227 594 1288 atque
608 1218 754 1271 domestica
772 1234 834 1268 mea
856 1218 1043 1278 familiaritate
1064 1223 1154 1274 vivere
1178 1223 1296 1293 gaudeo,
1313 1242 1391 1295 roga-

315 1323 392 1386 bam,
411 1329 443 1373 ut
456 1321 598 1391 Agathiam
611 1328 715 1381 attente
729 1321 898 1391 perlegeret,
923 1339 1047 1392 quaeque
1057 1323 1110 1392 ipsi
1127 1326 1158 1379 iu
1175 1334 1295 1380 mentem
1312 1327 1392 1381 veni-.

316 1433 378 1478 rent
391 1432 548 1478 annotaret:
567 1424 635 1475 mihi
650 1422 724 1478 enim
738 1442 806 1493 opus
820 1425 937 1494 aggredi,
956 1433 1069 1495 propter
1082 1427 1251 1495 negotiorum
1262 1429 1392 1500 frequen·

314 1531 380 1588 tiam
390 1536 471 1600 atque
481 1527 618 1579 adversam
632 1544 686 1598 qua
698 1536 762 1579 tunc
776 1527 920 1606 premebar
932 1528 1126 1592 valetudinem,
1138 1529 1260 1582 nondum
1271 1530 1393 1599 vacabat,

315 1633 393 1686 Fecit
414 1634 437 1684 is
455 1632 529 1702 quod
547 1629 690 1702 cupiebam
706 1632 765 1683 sins
780 1647 855 1682 mora
871 1647 903 1684 ac
915 1631 995 1685 valde
1013 1631 1122 1686 sedulo:
1152 1633 1265 1701 eiusque
1284 1632 1392 1686 schedis

315 1719 431 1806 acceptis
449 1737 508 1804 ipse
527 1735 666 1804 Agathiam
682 1741 807 1794 accurata
826 1735 1006 1786 evolvendum
1022 1736 1139 1804 sumpsi:
1163 1735 1298 1807 plurima,
1321 1753 1393 1805 quaa

316 1838 506 1894 emendatione
519 1837 659 1908 persanasi
670 1845 791 1906 possent,
809 1855 825 1889 a
838 1839 965 1900 Classeno
976 1840 1029 1890 rite
1043 1845 1184 1917 perspecta
1198 1835 1391 1896 animadverti:

315 1942 448 2016 quaedam
472 1941 635 2010 improbavi:
652 1958 709 1999 non
725 1957 811 2012 pauca
831 1958 900 2012 quae
913 1942 962 1998 ille
985 1932 1042 1996 non
1057 1943 1192 2012 attigisset
1205 1942 1310 1998 correxi
1324 1943 1391 2010 ipse,
1416 1975 1420 1980 ·

315 2045 378 2115 Qua
393 2046 437 2096 via
450 2047 594 2114 ingressus,
611 2044 994 2114 prioribuslibrisdiligenter
1005 2045 1139 2105 'comasio
1159 2047 1391 2113 quum'eospeius

314 2149 395 2218 longe
409 2157 580 2220 quamantaa
601 2151 778 2218 cogitaveram
795 2164 824 2200 se
843 2122 946 2207 babere
972 2147 1170 2215 perspicerem,
1194 2163 1284 2216 neque
1303 2148 1391 2207 allum

314 2267 348 2306 ex
366 2251 443 2304 libris
462 2251 612 2306 subsidium
629 2251 722 2304 aderat
735 2258 885 2321 praeterea
898 2265 979 2320 quae,
998 2265 1079 2300 suase
1093 2264 1169 2318 meo,
1187 2265 1204 2298 e
1218 2248 1303 2306 Suida
1323 2267 1389 2306 sons

313 2363 430 2424 gesserat
447 2355 607 2418 Glareanus,
631 2353 785 2408 versionem
807 2354 938 2403 Personae
955 2366 1086 2421 quaerme
1100 2352 1198 2420 coepi,
1216 2369 1284 2422 qnae
1303 2355 1390 2416 instar

312 2455 414 2515 radicis
432 2467 509 2511 esset.
546 2459 611 2509 Eam
627 2456 744 2508 mihies
756 2453 926 2516 bibliotheca
944 2455 1076 2530 gymnasii
1096 2453 1267 2513 Coloniensis
1286 2474 1388 2527 suppe-

220 2604 222 2609 .
312 2560 410 2611 ditavit
429 2559 581 2611 hnmanitas
602 2558 781 2613 eruditissimi
802 2556 985 2612 Birnbaumii:
1009 2567 1092 2629 atque
1112 2556 1165 2619 boc
1181 2566 1291 2629 accepto
1304 2561 1388 2623 ,libro
1449 2619 1452 2623 Α

310 2680 411 2715 novum
435 2664 527 2715 lumen
545 2678 644 2731 operae
665 2670 776 2719 ¹nostrae
796 2658 911 2717 'affulsit
951 2661 1010 2711 Etsi
1027 2661 1100 2714 enim
1117 2659 1199 2742 bomo
1222 2679 1278 2716 uon
1298 2666 1388 2722 minus

311 2764 424 2819 stolidus
443 2784 524 2838 quam
547 2766 672 2819 indoctus
684 2766 724 2817 ita
736 2765 821 2822 vestit
841 2771 874 2815 ut
894 2763 1018 2831 plurimis
1038 2763 1210 2836 ‘singularum
1228 2767 1387 2835 paginarum

308 2870 377 2922 locis
394 2870 496 2923 insulse
514 2870 675 2925 delirantem
691 2868 787 2922 audire·
801 2865 931 2920 videaris:
946 2896 978 2909 -
999 2867 1102 2937 quippe
1115 2868 1163 2937 qui
1179 2866 1315 2932 desertio,
1332 2888 1388 2921 non

309 2972 684 3043 ‹ricsmprouauuseau110,
702 2939 814 3031 erasme
828 2969 961 3023 sosarnus
982 2977 1068 3043 esses:
1079 2997 1109 3009 -
1125 2970 1325 3035 haustum
1338 2973 1388 3025 aua

309 3085 372 3137 ante
396 3078 487 3129 oculos
498 3076 632 3137 'codicem
652 3078 734 3145 plane
750 3049 993 3145 egregium,⁵euius
1007 3049 1092 3130 verba
1109 3072 1212 3141 singula
1234 3076 1387 3143 exprimere

308 3196 388 3249 saepe
399 3182 521 3233 tentavit.
539 3182 634 3253 Itaque
649 3180 750 3230 multae
766 3176 979 3240 emendationes,
993 3193 1077 3247 quum
1093 3176 1215 3231 Classeni
1229 3185 1385 3242 tummeae,

307 3282 356 3334 illo
379 3290 487 3334 auctare
512 3285 699 3353 comprobatae
714 3290 796 3335 arsut:
828 3280 857 3332 id
870 3298 933 3339 vero
952 3278 1075 3347 inprimis
1091 3286 1192 3347 gratum
1209 3288 1281 3343 erat,
1301 3280 1384 3351 qnod,

308 3402 377 3456 quae
394 3386 423 3437 in
439 3382 567 3439 Vulcanii
584 3386 677 3449 codiee
694 3386 862 3453 exciderunt,¹
879 3382 929 3449 ubi
948 3374 996 3433 aut
1010 3380 1094 3443 verbe
1113 3390 1161 3435 ant
1179 3382 1294 3435 incisum
1309 3385 1383 3437 inte-

307 3506 383 3558 grum
398 3488 491 3543 deess'e
502 3492 629 3555 videram,
647 3495 686 3543 ita
698 3491 770 3561 apud
778 3493 920 3550 Personam
934 3484 1063 3537 manslata
1072 3476 1262 3550 inveniebam,
1279 3494 1382 3540 utsen⁴¹

306 3608 365 3650 aum
378 3594 436 3659 siue
453 3594 508 3648 ulla
522 3594 694 3657 dubitatione
711 3604 841 3656 tenerem,
857 3590 1016 3643 resbacum
1036 3586 1131 3657 aliqua
1146 3589 1242 3648 saltam
1251 3588 1383 3658 probabi-

304 3694 384 3745 litate
401 3715 491 3765 graece
508 3700 651 3766 restituere
666 3715 781 3767 possem.
801 3694 909 3765 Quibus
927 3690 1055 3752 subsidiis
1068 3692 1090 3741 si
1105 3698 1248 3752 contentus
1261 3694 1383 3758 fuissem,

305 3804 333 3849 et
357 3798 500 3863 liberium
524 3802 568 3857 edi
586 3810 693 3872 poterat
718 3802 857 3869 aliquanto
882 3796 1067 3857 emendatius,
1092 3801 1120 3847 et
1140 3796 1300 3881 nonnullam
1315 3798 1382 3855 inde

215 3970 216 3975 1
303 3900 418 3954 sortasse
437 3903 608 3965 abstulissem
621 3906 761 3968 doctrinae
776 3913 859 3975 atque
874 3895 1138 3960 acuminis'laudem.
1168 3897 1274 3950 ‘Veram
1291 3900 1381 3951 enim-

304 4016 366 4055 vero
385 4020 469 4073 quum
489 4023 522 4057 ea
536 4008 694 4063 Leuuelavii
715 4008 887 4078 praelatione
909 4003 944 4055 ad
964 4001 1114 4061 editionem
1133 4002 1266 4055 versionis
1283 4002 1380 4055 Perso-

302 4120 354 4157 nae
367 4106 548 4171 basileensem
565 4115 762 4183 perspexissem
784 4128 867 4183 quarn
879 4110 961 4180 longe
976 4099 1282 4182 eoderpdiolttiigerttttug
1297 4120 1380 4172 prae-
