3109 4950
432 348 433 351 ‘
468 350 754 416 ursaonrtnun
775 357 828 418 ιτ.
849 358 900 428 aa
1132 333 1215 444 273

216 506 254 571 λ’.
291 497 390 569 ’Λλλιλ
410 500 472 588 γὰρ
499 503 557 567 osia
580 497 652 569 οἶδα
675 500 783 572 ὅντινά
805 530 846 588 με
869 505 983 592 τρόπον
1006 509 1026 591 ἦ
1049 511 1103 574 τοῦ
1124 510 1346 594 λόγουλ.(λ.556

135 604 219 693 φορῶ
245 605 493 690 παραλαβοῦσα,
514 602 631 692 καὶτῷ
655 602 840 695 ἐξιαγάατρι,
861 601 958 688 οἶμαι,
984 610 1047 672 τῶν
1075 606 1215 693 πράξεων
1223 588 1242 638 ¹·
1253 585 1271 638 ¹·
1283 590 1315 644 3⁰

131 705 281 789 ἦέομένη,
302 705 336 777 ἐς
352 701 424 766 τόδε
440 695 537 786 ἤγαγε
555 707 750 787 προπετειας,
771 705 815 781 ῶς
826 703 866 769 τὰ
884 709 918 770 ἐν
931 708 1017 794 μέσιρ
1027 707 1212 792 ὑπερβάντα

130 806 195 866 τῶν
216 798 414 888 πορρωτάτω
437 793 680 887 ἐπιμνησθῆναι.
715 803 826 868 οὐκοῦν
849 800 957 889 ἐπειδὴ
977 805 1032 868 νῦν
1049 807 1125 887 γοῦν
1144 808 1216 871 ἐπέ-

110 901 212 985 5γνων
233 897 306 964 ὅποι
325 895 481 985 ἆφῠγμαι,
501 903 558 965 καὶ
572 896 648 966 ὅθεν
667 904 792 986 ἐξέβην,
814 905 916 968 ἐκεῖνα
933 904 992 983 μὲν
1008 903 1115 968 ἐατέον
1140 903 1216 990 πρὸς

127 999 165 1065 τὸ
178 997 293 1086 παρὸν,
309 999 345 1063 ἐν
360 1006 425 1074 τοῖς
440 996 564 1074 οἷκειλιις
575 992 861 1086 οἷναγραφησόμενα
873 1000 1013 1086 χωρίοις·
1027 1002 1169 1086 ἐπανήξω
1179 1005 1216 1066 δέ
1242 1021 1248 1035 ’

127 1091 227 1173 αὖθις
240 1101 273 1174 ἐς
289 1095 326 1161 τὸ
340 1100 465 1179 ξυνεχὲς
478 1096 535 1161 καὶ
549 1097 725 1163 ἀκόλουθον
736 1102 800 1164 τῶν
809 1099 986 1186 προτέρων..
997 1094 1061 1184 ἥτε
1077 1097 1138 1186 γοὶρ
1153 1101 1216 1166 τῶν

127 1198 299 1282 Περσικῶν
327 1198 484 1277 βασιλέων
509 1193 642 1281 διαδοχὴ
671 1195 727 1261 κατ’
747 1196 765 1260 t
783 1201 846 1262 τῶν
864 1199 1018 1267 ἐνιαυτῶν
1040 1196 1216 1280 κατάλογος,

127 1299 200 1376 καί,
209 1294 389 1379 συλλήβδην
402 1292 518 1380 φάναι,
538 1288 621 1359 ἅπαν
636 1317 692 1376 μοι
706 1292 743 1358 τὸ
759 1296 984 1380 ἐπηγγελμένον
996 1298 1208 1381 ξυνεπελέσθη.
1215 1308 1243 1362 Ρ.
1254 1303 1306 1366 att

89 1388 223 1474 ιοοέμαι
240 1396 276 1457 δὲ
300 1385 384 1477 ῶγαν·
395 1393 501 1477 ἀληθῆ
516 1396 618 1457 ταῦτα
635 1394 826 1458 restauras
840 1398 899 1460 ,καί
909 1397 942 1468 ἐς
959 1390 994 1458 τὸ
1009 1389 1137 1480 ῶκριβές
1154 1397 1286 1472 ἐτι-λλρρ

102 1531 112 1540 -
128 1493 334 1575 πεπονημένα
341 1536 355 1572 ,-
368 1487 413 1566 ῶς
434 1489 473 1574 δὴ
492 1494 528 1556 ἐκ
546 1491 610 1556 τῶν
623 1495 794 1577 Περσικῶν
817 1491 936 1576 βίβλων
960 1494 1215 1578 μεταληφθεντα.

127 1589 264 1676 Σεργίου
289 1587 349 1674 γαρ
376 1591 433 1654 τοῦ
456 1585 615 1675 ἑρμηνέως
637 1591 737 1655 ἐκεῖσε
761 1593 946 1673 γενομένου,
977 1593 1031 1655 καὶ
1051 1589 1126 1666 τούς
1150 1594 1214 1656 τῶν

121 1691 297 1770 βασιλικῶν
320 1689 654 1772 ἀπομνημονευμάτων
673 1689 837 1776 φρουρούς
851 1713 886 1754 τε
903 1691 960 1755 καί
976 1690 1142 1764 ἐπιστάτας
1153 1713 1212 1771 με-

120 1785 282 1852 ταέοὕναέ
301 1785 335 1857 ,οἱ
353 1789 410 1870 τῆς
434 1784 509 1871 περὶ
523 1789 625 1851 ταῦτα
640 1791 765 1874 γραφῆς
788 1788 1060 1874 ἐκλιπαρήσαντος,
1081 1785 1211 1874 (πολλῶ-

83 1891 173 1962 ιὸκις
190 1884 253 1971 γὰρ
271 1881 369 1949 osiris
385 1888 525 1960 ἐςτοῶτο
548 1888 732 1970 προτρέψας
751 1886 948 1972 ἐτύγχανον)
967 1886 1156 1973 προσθέντος
1171 1887 1220 1952 δὲ.

119 1986 179 2049 καί
192 1981 250 2068 τὴν
264 1982 389 2065 αἰτίαν,
409 1983 453 2060 ῶς
472 1978 529 2047 oin
545 1975 640 2047 ῶλλου
657 2007 713 2048 τοο
730 1982 829 2068 χάριν
851 1987 957 2068 ζητοίη
974 1987 1072 2049 τῶνδε
1091 1990 1210 2066 τυχεῖν,

118 2076 142 2167 ἢ
156 2076 241 2146 ὥστε
259 2085 315 2146 καί
326 2084 402 2168 παρ’
414 2082 491 2166 ἡμῖν
506 2081 693 2166 οἷναγραπτα
716 2079 849 2147 ἔσεσθαι
863 2078 902 2146 τοὶ
928 2081 1039 2166 σφίσιν
1053 2081 1210 2163 ἐγνωσμέ-

117 2205 161 2243 να
187 2183 246 2246 καέ
270 2179 382 2262 τίμια,
402 2183 562 2266 παρέσχον
579 2178 689 2256 ,εὐθὺς
704 2172 742 2245 εὖ
761 2205 796 2263 γε
818 2183 977 2256 ποιοῦντες
1002 2181 1130 2257 ἐκεῖνοι,
1152 2175 1209 2240 οὐκ

117 2270 223 2365 ῶχαρι
238 2277 276 2343 τέ
292 2280 401 2365 χρῆμα
416 2276 584 2363 ἡγούμενοι
602 2275 704 2361 εἶναι,
720 2277 800 2344 ἀλλὰ
820 2278 966 2365 καὶπρὸς
980 2273 1122 2352 εὐκλείας
1144 2281 1209 2350 τοῖς

75 2381 214 2466 ισσφῶν
240 2382 423 2461 βασιλεῦσιν
443 2378 610 2460 ἐσόμενον,
639 2381 670 2443 εἰ
683 2380 906 2461 μέλλοιενκαέ
928 2374 1015 2463 παρὰ
1035 2375 1233 2456 Ῥωμαιόιςιι

134 2502 136 2506 ’
190 2517 220 2572 3.
249 2512 373 2585 εἰδομένη
397 2515 428 2566 R.
451 2532 501 2584 pro
526 2513 658 2585 ἧδσμένη.
745 2516 770 2583 4.
797 2512 972 2587 παρ’ῥωτέτω
1008 2514 1055 2576 lt,
1089 2507 1205 2581 πορρω-

188 2585 265 2654 τέρω
292 2586 365 2653 vulg.
446 2588 477 2639 6.
502 2581 767 2658 α’ναγραφησόμενα
793 2587 821 2637 R.
848 2584 932 2655 Lugd.
958 2602 981 2637 a.
1003 2600 1038 2633 m.
1068 2588 1097 2633 et
1119 2582 1209 2649 Intpr.

188 2667 222 2707 ut
239 2682 270 2696 -
283 2652 477 2709 describendis.
511 2657 588 2726 Vulg.
609 2675 642 2709 ex
653 2675 692 2726 pr.
709 2673 747 2713 m.
760 2656 844 2725 Lugd.
860 2654 878 2705 t
892 2654 925 2708 ἐν
939 2661 998 2711 τοῖς
1012 2656 1064 2705 οἰκ,
1076 2648 1203 2723 ἀναγρα-

190 2723 355 2794 φησόμεθο.
416 2730 535 2796 χωρίοις
552 2728 580 2780 R.
602 2736 629 2779 et
641 2728 724 2797 lutpr.
735 2728 794 2780 suis
808 2727 886 2789 locis,
905 2724 1023 2795 χρόνοις
1036 2724 1106 2791 vulg.
1166 2740 1204 2784 ro,

190 2792 286 2859 ἀληθῆ
313 2794 388 2865 ῶγιιν
416 2798 445 2847 λλ,
534 2797 711 2851 καθεστάντα
739 2800 770 2849 R.
803 2816 805 2821 ·
846 2816 885 2849 ιι.
908 2797 1009 2865 βίβλων
1027 2796 1072 2857 λλ,
1090 2792 1204 2861 βιβλίων

189 2865 265 2933 vulg.
338 2868 377 2919 15.
397 2869 576 2955 προσθέντος
594 2870 635 2930 R„
659 2868 818 2937 προθέντος
826 2868 894 2935 vulg.
988 2885 1025 2936 19.
1047 2863 1204 2934 ἡγούμενοι

189 2932 269 2989 εἶναι
291 2934 330 3001 It,
348 2933 398 2989 sir.
417 2936 531 3008 ηγοιλμ..
549 2937 619 3006 vulg.
987 2934 989 2941 ’

188 3074 234 3125 30.
272 3071 327 3123 Sed
343 3074 436 3125 nescio
462 3090 516 3145 quo
534 3081 613 3140 pacto
633 3090 677 3125 me
696 3071 825 3125 orationis
849 3068 976 3123 decursus
989 3068 1140 3137 abreptum,
1158 3084 1202 3117 re-

116 3158 244 3213 rumque
266 3152 418 3197 memorata
441 3143 584 3214 dignarum
600 3145 742 3212 voluptate
768 3141 933 3203 delinitum,
959 3156 991 3191 eo
1016 3138 1202 3205 praecipitan-

111 3215 171 3265 tiae
190 3212 356 3276 adduxerit,
376 3223 407 3266 ut
424 3216 523 3266 omissa
541 3230 632 3266 rerum
648 3214 834 3284 praesentium
852 3209 1029 3271 tractatione,
1057 3207 1203 3257 remotiora
1279 3266 1282 3273 ¹

110 3286 167 3335 sim
187 3292 358 3352 persecutus.
393 3284 528 3354 Quocirca
546 3301 609 3339 cum
625 3301 699 3335 nuuc
718 3284 801 3341 sciam
820 3298 874 3350 quo
885 3278 1062 3400 pervenerim
1081 3285 1109 3329 et
1127 3274 1201 3326 unde

108 3354 220 3406 fuerim
241 3352 393 3423 digressus,
411 3354 460 3405 illa
479 3355 591 3425 quidem
608 3355 670 3409 iam,
681 3361 745 3404 suut
768 3353 883 3403 amitten
903 3368 935 3413 a,
962 3364 1031 3419 quae
1056 3348 1112 3398 suis
1131 3353 1201 3396 tenr-

107 3424 235 3494 poribus
253 3423 477 3478 conscribemus:
495 3427 531 3477 ad
549 3424 774 3495 praecedentium
792 3430 883 3472 autem
905 3437 995 3472 rerum
1018 3417 1202 3471 continuatam

108 3500 368 3564 congruentemque
390 3497 572 3548 narrationem
598 3504 724 3547 revertar.
760 3491 924 3543 Persicorum
943 3490 1016 3542 enim
1029 3505 1121 3557 regum
1137 3503 1202 3537 suc-

105 3566 271 3617 cessionem
288 3571 321 3614 et
342 3580 474 3617 annorum
498 3583 654 3629 nnmerum,
672 3573 715 3627 ct,
733 3572 765 3615 ut
789 3577 843 3615 uno
869 3561 951 3613 verbo
976 3559 1072 3621 (licam,
1092 3556 1201 3607 uuiver-

106 3651 177 3686 sum
206 3629 252 3692 id,
277 3631 352 3701 qnod
376 3636 571 3702 promiseram,
608 3638 664 3687 iam
690 3633 801 3685 absolvi.
846 3632 881 3683 Et
913 3630 1023 3702 quidem
1052 3643 1115 3679 vera
1142 3642 1200 3677 esse

131 3719 191 3755 uae
214 3698 281 3763 dixi,
302 3708 380 3768 puto,
411 3716 589 3772 accurateque
618 3706 770 3768 elaborata,
804 3710 900 3772 utpote
934 3719 949 3753 e
975 3700 1089 3753 Persicis
1122 3694 1200 3747 libris

107 3723 252 3825 assumi&
298 3768 365 3819 Cum
391 3778 464 3827 enim
482 3778 589 3847 Sergius
612 3777 660 3827 ilie
688 3780 821 3845 interpres
847 3772 906 3825 illic
926 3780 1035 3841 ageret,
1062 3776 1090 3819 ct
1113 3768 1200 3834 regio·

106 3860 175 3895 rum
210 3839 348 3890 annalium
376 3845 500 3904 custodes
529 3866 559 3899 ac
586 3847 739 3915 praefectos
763 3844 866 3896 obnixe
894 3848 1032 3909 rogasset,
1057 3845 1089 3889 ut
1109 3853 1198 3888 secum

104 3914 163 3966 illa
187 3912 289 3979 scripta
310 3914 547 3980 communicarent,
566 3916 736 3987 (frequenter
757 3914 830 3964 euim
845 3930 894 3984 ego
915 3913 992 3961 illum
1009 3907 1043 3959 ad
1062 3907 1114 3959 hoc
1126 3924 1199 3957 cram
1235 3936 1238 3941 ·

103 3983 268 4043 Ῑὶθῑῐθῑῦὕι)
289 3997 396 4031 causam
414 3996 477 4035 vem
497 3986 579 4040 etiam
597 3986 761 4046 adiecisset,
788 4000 868 4052 quam
892 3997 948 4031 non
965 3980 1046 4029 aliam
1063 3994 1121 4029 csse
1148 3976 1198 4029 dc-

105 4049 250 4114 clfflbsss
267 4067 347 4120 quarn
366 4060 398 4103 ut
415 4055 498 4105 etiam
521 4055 593 4125 apud
613 4072 663 4106 nos
685 4054 837 4105 litterarum
854 4051 1037 4103 monumentis
1061 4064 1198 4099 commen-

104 4122 248 4173 darentur
263 4122 386 4191 ipsorum
409 4124 552 4187 instituta,
572 4140 696 4194 (praeque
716 4124 746 4173 in
766 4124 854 4190 pretio
867 4120 1017 4185 habereut3
1038 4118 1129 4171 statim
1154 4115 1198 4166 illi

104 4198 194 4244 recte
215 4192 370 4257 facientes,
397 4191 456 4247 eius
480 4193 610 4264 petitioni
632 4199 802 4253 annuerunt,
830 4208 885 4243 rem
906 4207 962 4241 non
985 4190 1116 4258 ingratam
1139 4185 1197 4235 sore

105 4261 186 4321 rati,
205 4260 292 4314 immo
312 4279 377 4317 vero
398 4264 433 4316 ad
457 4282 560 4334 regum.
573 4280 680 4317 suorum
705 4261 819 4336 gloriam
842 4262 1045 4336 pertinentem,
1069 4260 1094 4308 si
1116 4254 1201 4306 etiam

181 4356 325 4425 Agathias.
972 4357 1002 4406 18
1052 4352 1053 4355 ’
