3109 4950
349 274 429 374 272
788 285 998 358 icimur

200 422 271 478 ΜΣ
285 424 428 511 tiorum.
467 429 618 513 ἐτόγχονε
629 437 694 517 μὲν
711 435 773 525 γάρ
795 442 829 506 ἐν
847 445 891 530 τῷ
902 445 973 510 τότε
995 437 1083 534 άμφλ
1095 446 1135 512 τό
1152 447 1343 536 Καρδοάχιο
1360 445 1413 539 ὅρη

246 495 503 613 Ῑῖωοέςκάμην
522 532 679 632 Θαμσνιόν
699 535 753 624 διά
766 538 825 625 τὴν
842 545 900 606 τοῦ
916 547 1031 630 θέρους
1048 543 1134 634 (ἐραν
1149 547 1273 634 κοίτην
1287 555 1348 618 τῶν
1366 554 1412 619 τό-

343 649 412 690 πων
429 621 600 713 εάκρασιαν
616 635 756 717 μεταβάς
771 661 806 702 τε
826 641 881 706 καί
894 641 1140 726 ἐνδιαιτώμενος.
1188 647 1366 735 Μαυράιιος
1378 654 1413 716 δέ

344 723 363 789 ό
383 724 538 810 Πυάλου,
558 728 621 794 άπὸ
644 738 788 822 Τιβερίου
808 741 1047 808 Κωνσταντίνου
1062 746 1118 808 τοῦ
1135 740 1308 827 Ῥωμαίων
1324 749 1412 814 οὖτο-
1513 823 1514 840 η

340 822 493 907 κράτορος
516 819 557 912 dp
558 851 629 910 χειν
644 835 708 896 τεόν
733 833 814 900 κατά
829 835 888 920 τήν
905 841 947 904 ior
961 841 1128 924 ταγμάτων
1143 850 1430 930 προστεταγμένοςῤ

342 921 502 1005 εἰσέβαλεν
517 919 639 1014 άθρόον
653 933 687 1007 ἐς
702 931 760 1015 τὴν
785 929 1014 1023 Ἀραξιανηνὴν
1031 939 1160 1026 χάραν,
1183 943 1343 1028 πρόσοικον
1361 938 1413 1010 υό-

341 1044 403 1086 σαν
421 1024 458 1110 τῇ
476 1027 532 1108 τῆς
546 1024 653 1114 κάμης
677 1034 844 1117 περιοικιδι
865 1040 920 1102 καί
935 1034 1152 1126 άγχιτέρμονα·
1187 1041 1243 1107 καλ
1263 1045 1342 1128 δῆτα
1359 1031 1412 1110 olis

339 1116 420 1188 άνίει
438 1120 522 1211 δῄων
540 1119 669 1195 ἅπασαν
680 1124 821 1216 άφειδάς
843 1134 897 1200 καί
911 1135 1099 1221 ληϊζόμενος.
1125 1141 1313 1227 περαιωθείς
1329 1145 1362 1208 δὲ
1374 1143 1409 1208 τά

309 1224 453 1313 (ἶρεῑδρα
474 1227 536 1291 ‘tori
553 1228 663 1317 Ζίρμα
682 1235 842 1315 ποταμοῦ,
873 1233 935 1300 άνά
954 1235 993 1302 τά
1016 1237 1124 1324 πρόσω
1145 1237 1192 1306 ἔτι
1208 1240 1339 1327 ἐχώρει,
1360 1247 1412 1308 καί

338 1323 381 1394 τά
397 1329 432 1394 ἐν
452 1325 544 1394 ποσίν
562 1327 723 1419 ἐλεηλάτει
743 1331 798 1398 καλ
818 1335 1000 1422 ἐνεπίμπρα
1035 1333 1115 1403 odron
1136 1341 1171 1404 δέ
1190 1341 1289 1406 αὐτοῦ
1313 1335 1447 1429 άρδηνῐο

298 1420 305 1429 ’
335 1423 459 1494 ἅπαντα
482 1435 779 1520 καταστρεφομένου
801 1434 857 1498 καί
875 1436 1141 1518 ξνγκυκάντος,δ
1169 1437 1314 1526 Χοσρόης
1325 1491 1336 1521 ,
1358 1438 1409 1528 (οὗ

335 1523 443 1614 πόρῥω
459 1526 520 1616 γάρ
536 1525 587 1614 ἦν,
607 1533 681 1596 α’λλ’
696 1528 769 1599 ὅσον
794 1533 949 1622 άρδεῖσαν
969 1529 1030 1622 ἤδη
1047 1537 1187 1602 θεᾶσθαι
1209 1535 1266 1623 την
1281 1541 1408 1628 φλόγα)

336 1627 395 1690 oriae
410 1621 535 1712 ἤνεγκεν
549 1629 608 1714 τὴν
622 1623 701 1713 ὄψιν
711 1635 770 1698 aori
781 1638 932 1717 πολεμίου
948 1634 1058 1722 πυρός,
1076 1635 1148 1722 ἐπεὶΙ
1156 1634 1250 1722 μήπω
1261 1635 1410 1726 πρότερον

335 1721 479 1810 ἑωράκει.
507 1733 666 1815 τοιγάρτοι
685 1734 773 1798 αἰδοῖ
783 1758 819 1799 τε
843 1734 897 1800 καί
915 1737 980 1802 δέει
1004 1740 1312 1822 καταπεπληγμένος,
1340 1731 1409 1805 orire

336 1816 487 1912 άντεξῄει,
507 1820 578 1891 οὗτε
592 1829 737 1912 η’μόνετο·
764 1826 846 1898 άλλά
862 1844 928 1912 τοῖς
949 1839 1159 1922 προσπεσοῦσα
1174 1839 1255 1922 πέρα
1277 1840 1338 1900 τοῦ
1352 1841 1445 1919 pre-15

336 1920 428 2007 τρίου
447 1925 675 2014 περιαλγήσας,
703 1933 759 1996 καί
776 1927 842 2000 οἷον
861 1929 1037 2022 άπειρηκιός
1050 1945 1120 2012 ταῖς
1134 1936 1270 2018 ἐλπίσιν,
1296 1932 1410 2002 adtritu

332 2019 415 2110 νόσιρ
433 2018 499 2107 ἥλω
515 2023 575 2090 dud
597 2030 778 2112 δοσδομιλις
800 2035 887 2120 δεινῇ
912 2035 1018 2099 τεκαὶ
1038 2035 1201 2124 ἀνηκέστῳ.
1230 2034 1285 2100 καί
1304 2039 1410 2102 τοίνυν

301 2119 478 2207 Βφοράδην
494 2118 607 2206 ἐχθείς
624 2127 702 2207 μετά
720 2129 837 2213 τάχους
858 2136 972 2198 πολλοῦ
991 2133 1035 2208 εἷς
1054 2134 1093 2198 τά
1111 2136 1148 2199 ἐν
1171 2131 1335 2223 Σελευκείᾳ
1356 2138 1412 2200 καὶ

334 2223 544 2307 Κτησιφῶντι
562 2226 726 2312 βασιλεια,
756 2229 812 2319 καὶ
826 2230 929 2318 φυγην
946 2231 1003 2317 την
1017 2231 1219 2320 άναχιόρησιν
1236 2228 1411 2322 ποιησάμε-
1428 2233 1430 2238 ’

328 2341 397 2400 νος,
426 2317 484 2384 odat
501 2323 534 2398 ἐς
551 2324 680 2412 μακράν
696 2331 845 2396 καταλόει
861 2331 917 2399 τόν
936 2334 1015 2417 βίον.

399 2429 427 2486 3.
445 2428 664 2505 ἐνδιαιτώμενος
678 2437 722 2501 u,
744 2437 931 2512 διαιτώμενος
952 2441 1021 2514 vulg.
1097 2442 1123 2509 4.
1135 2441 1344 2525 σδτοκράτοροε
1366 2445 1409 2511 n,

402 2502 538 2567 βασιλέως
553 2506 623 2572 vulg.
747 2515 773 2565 6.
793 2512 946 2579 ἀθρόωςλλ.
1045 2510 1193 2585 Ἀρξιανην
1211 2516 1239 2565 u
1264 2522 1291 2566 et
1307 2516 1337 2566 in
1355 2533 1411 2585 mg.

400 2566 579 2640 tinctionis,
597 2577 680 2643 Intpr.
692 2581 846 2633 Arrianum
865 2599 968 2651 agrum.
1009 2600 1032 2651 7.
1041 2583 1135 2653 κώμης
1152 2586 1179 2635 ll.
1200 2592 1228 2635 et
1242 2586 1322 2653 Intpr.
1339 2604 1411 2639 con-

402 2641 496 2709 tiguus
514 2643 698 2701 circumiectis
718 2653 791 2703 vieo.
854 2654 949 2723 χώρας
969 2654 1040 2721 vulg.
1079 2655 1124 2709 ·8.
1145 2652 1225 2737 δνηει
1242 2657 1270 2705 R.
1319 2653 1411 2725 ,δῄων

399 2708 454 2773 Bw
479 2708 566 2775 δηΐων
588 2716 660 2785 Vulg-
756 2738 795 2774 ιε.
822 2723 872 2775 Pro
896 2720 1037 2794 deiciatur
1055 2720 1106 2788 ἤδη
1128 2725 1157 2774 il.
1177 2722 1377 2799 ανῆδηθελαν,

331 2845 413 2909 δοιά,
431 2854 460 2900 et
479 2849 514 2901 ab
535 2860 597 2904 ante
614 2856 682 2907 actis
700 2858 786 2927 ipsius
807 2861 888 2914 rebus
905 2866 986 2932 gestis
1005 2864 1200 2915 alienissimum
1219 2862 1318 2917 habult
1334 2866 1410 2918 vitae

330 2916 441 2968 exitum.
477 2920 546 2973 Cum
573 2925 646 2975 enim
660 2944 711 2996 per
731 2928 761 2981 id
778 2939 883 3001 tempus
902 2934 973 2985 circa
991 2933 1157 2987 Carduchios
1174 2941 1279 2986 montes
1296 2951 1411 2988 versans

328 2986 360 3037 in
378 2988 466 3039 vicum
485 2990 684 3049 Thamanorum
702 3008 814 3068 propter
832 3006 963 3055 aestivum
977 3011 1082 3073 tempor
1103 3012 1130 3055 et
1150 3004 1258 3055 illorum
1282 3006 1411 3059 locorum

328 3062 489 3126 temperiem
511 3065 669 3130 transisset,
695 3069 791 3141 ibique
818 3083 1052 3137 commoraretur,
1077 3074 1221 3126 Mauritius
1238 3074 1312 3127 Pauli
1338 3076 1369 3127 F.
1385 3090 1413 3127 ‘a

329 3126 460 3192 Tiberio,
484 3130 656 3190 Constantini
673 3138 852 3193 Romanorum
870 3146 939 3213 regia
963 3145 1029 3209 filio,
1052 3144 1204 3213 legionibus
1217 3142 1412 3199 Orientalibffl

328 3213 452 3267 proeesse
478 3203 584 3269 iussus,
609 3217 721 3276 repente
738 3212 769 3262 in
795 3229 885 3279 agrum
906 3214 1071 3267 Araxianum
1091 3216 1179 3275 irruit,
1198 3215 1246 3284 qui
1270 3214 1414 3268 finitimus

330 3270 567 3343 conterminusque
585 3287 643 3329 erat
662 3278 772 3343 ditioni,
787 3285 835 3353 qui
852 3284 910 3335 vico
934 3284 977 3335 illi
1000 3293 1057 3338 erat
1080 3284 1286 3347 circumiectus,
1312 3303 1414 3356 neque

229 3340 233 3347 '
329 3336 417 3389 ullum
435 3344 559 3395 vastandi
582 3350 736 3400 universam
759 3368 791 3402 ac
815 3351 999 3421 depraedandi
1023 3356 1104 3407 finem
1130 3354 1264 3407 faciebat:
1288 3357 1416 3409 traiecto

328 3423 393 3459 vero
417 3409 502 3463 Zirma
534 3414 645 3468 flumine
663 3418 693 3469 in
710 3422 846 3474 anteriora
873 3424 1056 3493 procedebat,
1080 3434 1176 3477 cuncta
1203 3441 1265 3476 vero
1297 3420 1415 3477 iiamma
1513 3434 1514 3479 ἓ

328 3478 485 3551 rapinisque
502 3485 625 3538 miscens.
652 3487 751 3542 Omnia
767 3494 861 3563 itaque
885 3494 1008 3547 funditus
1033 3503 1170 3547 evertente
1194 3512 1224 3545 ac
1245 3494 1416 3549 devastante
1513 3524 1514 3529 ¹

327 3546 475 3614 Mauritio‚
501 3552 633 3608 ehorroes
651 3563 760 3630 (neque
784 3564 856 3614 enim
881 3564 960 3634 longe
984 3564 1090 3629 aberat,
1113 3564 1161 3617 sed
1183 3572 1297 3627 tantum,
1323 3567 1416 3620 utin

304 3630 307 3634 ·
328 3619 415 3671 altum
429 3623 527 3674 elatam
544 3624 676 3677 flammam
713 3633 848 3700 respicere
858 3634 960 3707 posset)
974 3633 1081 3687 hostilis
1095 3635 1163 3706 ignis
1183 3634 1342 3703 adspectum
1354 3653 1415 3688 ne—

331 3704 466 3759 quaquam
490 3694 573 3758 tulit,
607 3646 743 3767 siquiddm
767 3718 905 3772 nunquam
931 3714 1010 3757 antea
1034 3722 1095 3757 eum
1118 3704 1229 3757 viderat
1267 3704 1417 3773 Quocirca

327 3759 434 3829 pudore
456 3764 538 3816 simul
564 3781 594 3816 ao
619 3775 693 3819 metu
719 3773 877 3839 perculsus,
906 3790 996 3845 neque
1022 3775 1128 3827 obviam
1154 3776 1211 3837 ivit,
1236 3790 1328 3843 neque
1356 3792 1417 3827 tua

327 3828 473 3899 tuebatur;
498 3834 546 3887 red
568 3838 674 3905 ingenti
700 3840 817 3909 quodam
836 3850 917 3914 atque
940 3844 1117 3898 immoderato
1136 3842 1229 3896 dolore
1249 3844 1279 3895 in
1310 3846 1416 3908 animo

328 3912 377 3947 suo
397 3914 430 3948 ex
449 3918 480 3953 ea
497 3914 583 3975 strage
603 3917 750 3977 concepto,
769 3920 798 3963 et
817 3911 1014 3983 quodammodo
1034 3917 1064 3967 in
1079 3914 1295 3985 desperationem
1315 3914 1417 3965 addu-

328 3975 404 4029 ctus,
427 3972 569 4026 confestim
600 3977 673 4046 gravi
696 3980 897 4053 incurabilique
924 3984 1018 4035 morbo
1041 3994 1105 4055 prae
1130 3999 1251 4036 moerore
1274 3991 1313 4035 est
1342 4001 1417 4035 cor-

328 4045 427 4105 reptus.
464 4040 637 4113 Quapropter
659 4046 756 4103 lectica
778 4052 863 4105 elatus
888 4045 969 4124 quam
997 4056 1135 4107 celerrime
1165 4056 1194 4105 in
1215 4053 1357 4105 Seleuciae
1380 4062 1418 4106 et

328 4106 513 4177 Cie⁸1ph⁰nti⁸
536 4116 608 4184 regia
631 4119 750 4187 puertia,
774 4139 879 4178 recessu
904 4124 984 4195 fugae
1008 4126 1091 4179 simili
1116 4126 1207 4189 lacto,
1232 4126 1288 4179 non
1312 4125 1419 4179 multo

327 4186 390 4248 post
407 4182 521 4237 excerni
540 4200 556 4237 ε
574 4185 640 4238 vita.
