3109 4950
332 252 413 337 232
758 266 996 347 ‚scimur

182 453 211 507 t
231 436 415 515 ostensio
434 428 474 495 τῦ
490 421 641 513 ἇμείνουα
663 422 718 491 καί
739 424 795 487 τοῦ
812 418 1011 508 ἅνθρωπειλιυ
1035 418 1157 500 μᾶλλον
1184 414 1321 501 ἐχόμενα
1344 417 1417 504 τρό-

228 520 276 576 Ῑ·Ῑ·
289 538 401 613 ’9που,
420 530 484 595 τοῦν
507 532 567 612 μὲν
586 525 750 612 λοιδοριῶν
771 524 827 588 καί
846 518 1108 607 κατηγορημάτων
1124 510 1211 616 diebos
1230 521 1416 603 φροιτιλναν-

329 654 398 712 τες,
419 630 494 717 περί
516 628 662 693 πλείστου
688 626 723 689 δὲ
742 620 948 707 ποιησάμενοι
966 615 1025 703 τήν
1040 613 1206 702 σωτηρίαν.
1236 615 1416 702 Σωτηριχόν

332 754 368 795 τε
387 726 447 815 μοὶρ
465 724 686 807 ἀπεκτείναμεν
699 721 754 789 καί
769 718 844 797 τοῦς
863 716 932 801 ἅμα
947 717 1035 804 adsui
1053 718 1086 791 ἐς
1103 717 1206 818 τοῦτο]
1212 711 1416 799 ἐληλυθότας,

330 828 374 905 οἷς
390 822 428 891 ἂν
443 828 579 901 ἐκείνους
596 827 655 905 μὲν
673 824 848 903 τισαίμεθα
865 822 919 904 τῆς
942 813 1086 897 ἀδικίας,
1115 812 1221 879 πίστιν
1243 816 1279 878 δὲ
1295 808 1434 889 εῦνοίας5

298 922 540 1014 Ββεβαιοτὰτην
563 925 688 989 ἐνθένδε
711 930 778 996 τοῖς
794 924 940 1001 Πέρσαις
963 911 1217 1002 παρασχόμενοι,
1243 908 1417 980 εὐκλεέστε-

331 1052 388 1115 ρον
405 1020 697 1112 προσχωρὴσαιμεν.
713 1018 783 1085 ἐπεί
797 1021 832 1083 δὲ
846 1014 967 1083 τούτων
984 1039 1019 1079 τε
1036 1013 1182 1079 ἁπάντων
1203 1010 1260 1076 καί
1283 1014 1418 1094 μάλιστα

295 1166 300 1175 ,
330 1127 389 1194 τοῦ
405 1123 565 1209 μηδισμοῦ
583 1125 672 1187 ἕνεκα
688 1114 746 1183 οῦκ
763 1112 916 1201 ἀνήσουσι
931 1111 1172 1199 χαλεπαιῦοντες
1197 1110 1228 1177 οἱ
1249 1103 1417 1193 Ῥωμαῖοι,

332 1223 413 1291 ἀλλὰ
434 1224 567 1305 τάχιστα
579 1216 656 1305 ἡμῖν
673 1218 911 1296 ἐπιπεσοῦνται,
938 1212 993 1279 καί
1012 1209 1170 1293 ἅπαντας,
1189 1209 1226 1277 τί
1244 1236 1279 1296 γε
1299 1212 1333 1286 ἐς
1357 1211 1417 1274 od-

332 1321 408 1399 τοῦς
421 1316 498 1409 ἧκον
506 1372 516 1403 ,
545 1320 775 1407 διαφθεροῦσι,
805 1315 955 1402 προσήκει
980 1313 1019 1399 δή
1038 1335 1108 1395 σοι,
1128 1305 1157 1377 ιδ
1176 1312 1345 1399 στρατημέ,
1365 1310 1454 1375 ‹ii-ro

331 1420 455 1507 χεσθαί
475 1444 510 1487 τε
534 1416 619 1503 ἡμᾶς
639 1418 778 1499 εὐμενῶς
799 1413 855 1479 καί
875 1412 1065 1495 ἐπαμύνειν,
1093 1414 1150 1496 τῆς
1166 1436 1202 1476 τε
1217 1409 1327 1496 χώρας
1347 1410 1418 1494 πέρι

334 1522 378 1596 οἷς
401 1519 517 1595 οἰκείας
534 1513 676 1582 τολοιπὸν
693 1518 747 1583 καί
767 1513 921 1598 κατηκόου
941 1510 982 1577 τὰ
1002 1507 1198 1597 προσήκοντα
1214 1512 1420 1575 διανοεῖσθαι·

334 1622 389 1685 καί
397 1616 443 1703 μη
459 1618 611 1703 περιϊδεῖν
630 1613 817 1698 οἰχήσεσθαι
832 1613 1012 1676 κινδυνεῦον
1026 1612 1112 1693 γένος
1133 1604 1171 1674 οὗ
1184 1605 1327 1693 σμικρὸν,
1346 1606 1420 1671 οῦδὲ

335 1711 475 1803 ῦσημον,
509 1710 590 1781 ἀλλὰ
615 1713 671 1778 καί
687 1710 835 1796 πλείστην
856 1704 931 1796 ὅσην
950 1705 1107 1797 ὠφέλειαν
1128 1711 1167 1796 τῇ
1191 1709 1330 1794 Περσῶν
1352 1708 1420 1771 ἐπυ-

307 1801 463 1905 ’κρατείρι
484 1817 724 1901 προσφέρεσθαι
751 1810 955 1879 ἱκανώτατον.
992 1812 1135 1891 πολέμων
1172 1832 1208 1872 τε
1244 1804 1305 1893 γὰρ
1339 1805 1457 1890 ἧμᾶςι5

334 1913 441 2001 ίδριας
459 1906 550 1990 israe
566 1914 759 1995 ἀμωσγέπως
781 1908 947 1997 εῦρήσοιτε
962 1901 1020 1991 ἐν,
1041 1909 1096 1973 καί
1109 1901 1330 1993 καρτερώτατα
1349 1908 1420 1981 ξυν-

239 2036 266 2089 ῐι,
276 2015 594 2097 υιαχωνιζομένους,
614 2006 636 2097 ἦ
651 2036 686 2075 τε
695 2012 797 2097 χώρα,
817 2013 852 2076 ἐν
871 2010 1032 2098 ῦπερτέριρ
1047 2011 1111 2075 τυῦν
1132 2005 1270 2088 Κόλχων
1286 2003 1420 2086 κειμένη,

334 2110 495 2199 γενήσεται
512 2111 588 2193 ῦμῖν
603 2108 793 2198 ὁρμητήριον
805 2111 958 2196 ἐσφαλὲς,
973 2111 1029 2174 καί
1044 2104 1109 2175 οἷον
1125 2104 1326 2187 ἐπιτείχισμα
1342 2097 1419 2165 κατὰ

336 2214 400 2279 τῶν
413 2209 601 2292 πολεμιῦιν”.
639 2212 741 2275 ταῦτα
764 2212 801 2274 δὲ
816 2205 953 2285 ἆκοῦσας
965 2206 982 2273 d
996 2204 1205 2293 Ναχοραχάν,
1226 2197 1371 2290 προυίετῦ
1387 2220 1422 2263 τε

337 2308 455 2385 αὐτοῦς
469 2306 689 2390 α’σμενίστατοι
697 2360 707 2391 ,
728 2307 785 2373 καί
797 2307 905 2396 ἐπῄνει
921 2310 976 2392 τῆς
989 2302 1230 2388 μεταστάσεως,
1263 2300 1320 2367 καί
1335 2297 1461 2385 θερί-κο

314 2458 318 2464 -
337 2410 469 2499 ρυῦντας
482 2410 563 2474 ἐέναι
576 2411 752 2490 ἐκέλευσεν,
775 2407 819 2485 οἷς
832 2409 888 2493 τῆς
899 2409 1061 2493 Περσικῆς
1074 2401 1256 2491 ἐπικουρίας
1268 2404 1303 2466 ἐν
1320 2401 1422 2467 δέοντι

336 2511 552 2591 τευξομέοους.
586 2506 616 2572 οἱ
637 2511 697 2588 μὲν
714 2501 772 2573 οῦν
788 2509 934 2594 πρέσβεις
953 2508 987 2582 ἐς
1007 2505 1046 2570 τὰ
1071 2506 1169 2570 uineta
1191 2499 1425 2582 ἐπανελθόντες,

408 2645 434 2684 n.
452 2622 764 2694 κακηγορημιίτυνερλι.
786 2625 844 2678 Ριι.
915 2640 940 2692 7.
956 2621 1085 2695 μάλιστα
1109 2639 1164 2681 om.
1177 2624 1206 2674 li.
1276 2639 1305 2690 9.
1321 2619 1351 2678 ἐς
1368 2634 1421 2670 οιιι.

406 2693 606 2823 ἓύωυρυὴδὲ
620 2697 650 2749 ll.
732 2698 772 2751 15.
788 2695 962 2764 πολέμοντες
979 2697 1009 2748 R.
1064 2713 1103 2765 19
1122 2708 1152 2746 τε
1169 2709 1222 2746 om
1243 2691 1307 2744 Εια,
1377 2707 1420 2742 no

339 2901 433 2966 luerit,
455 2907 591 2956 statuere:
610 2899 718 2969 potiora
741 2907 770 2953 et
800 2898 927 2954 humanis
945 2899 1068 2952 moribus
1091 2899 1312 2953 convenientiora
1334 2899 1421 2968 elegi-

336 2989 413 3034 mus,
439 2971 474 3023 de
501 2973 629 3024 conviciis
657 2979 685 3024 et
712 2971 949 3024 criminationibus
972 2989 1070 3041 parum
1092 2971 1220 3031 solliciti,
1248 2971 1422 3040 praecipuam

335 3058 400 3094 vero
419 3041 515 3093 salutis
532 3059 623 3094 curam
645 3051 776 3111 gerentes.
812 3041 882 3093 Nam
903 3049 932 3092 et
951 3040 1122 3094 soterichum
1138 3041 1339 3103 interfecimus,
1358 3039 1423 3112 qui·

336 3129 390 3182 que
408 3128 469 3164 cum
488 3129 521 3163 eo
543 3111 648 3164 adhoc
667 3117 812 3173 venerant,
839 3119 871 3163 ut
890 3111 1000 3162 illorum
1017 3113 1129 3181 quidem
1145 3112 1274 3162 iniuriam
1296 3111 1424 3163 vindica·

335 3199 440 3246 remus,
466 3181 623 3234 firmissimo
648 3199 713 3234 vero
739 3181 793 3234 hoc
810 3181 871 3250 ipso
892 3181 964 3234 sacto
984 3181 1192 3234 benevolentiae
1216 3181 1356 3250 studiique
1374 3197 1423 3232 er·

352 3270 368 3303 a
390 3254 480 3317 Persas
507 3260 666 3322 argumento
689 3251 789 3315 edito,
817 3252 961 3320 gloriosius
982 3251 1169 3304 desciscamus.
1211 3253 1282 3308 Cum
1298 3267 1364 3304 vero
1383 3249 1422 3302 ob

333 3271 402 3377 daec
434 3323 526 3374 omnia
552 3341 583 3374 ac
609 3325 757 3392 praecipue
790 3321 826 3373 ob
852 3322 1034 3374 delectionem
1062 3322 1107 3380 ad¹
1125 3324 1216 3375 Persas
1246 3338 1423 3392 nequaquam

334 3390 450 3444 desituri
467 3392 523 3442 sint
539 3393 654 3446 Romani
670 3392 701 3448 id
715 3393 830 3444 moleste
849 3393 935 3454 ferre,
958 3391 1007 3443 sed
1036 3393 1266 3462 quamcitissime
1291 3409 1341 3444 nos
1364 3393 1424 3444 sint

333 3461 468 3525 invasuri,
488 3470 516 3513 et
533 3464 692 3526 universos,
710 3470 843 3534 quantum
862 3463 923 3514 lieri
944 3462 979 3513 ab
995 3463 1063 3531 ipsis
1079 3465 1191 3532 poterit,
1216 3461 1359 3514 deleturi:
1377 3462 1423 3514 tui

334 3534 419 3590 oflicii
445 3539 504 3593 est,
528 3549 544 3584 o
572 3533 731 3596 Praefecte,
759 3550 809 3583 uos
831 3533 950 3604 benigue
971 3537 1097 3602 excipere
1117 3551 1148 3585 ac
1162 3545 1366 3603 propugnare,
1390 3539 1424 3583 et

331 3621 382 3673 pro
395 3605 523 3672 regionis,
539 3609 572 3652 ut
588 3601 714 3672 propriae
733 3601 862 3672 deinceps
882 3611 911 3654 et
934 3603 1070 3668 subdiue,
1088 3605 1176 3664 salute
1195 3603 1349 3665 excubare,
1369 3617 1425 3653 ne-

334 3690 387 3744 que
412 3675 549 3743 negligere
569 3671 603 3723 de
627 3673 741 3726 interitu
760 3673 962 3740 periclitantem
982 3681 1091 3739 gentem
1117 3691 1174 3726 uon
1192 3689 1303 3742 parvam
1327 3687 1424 3742 neque

334 3742 493 3801 obscuram,
520 3741 568 3792 sed
590 3759 659 3815 quae
684 3744 830 3793 maximam
853 3743 1001 3794 utilitatem
1020 3745 1158 3795 Persarum
1175 3743 1292 3812 imperio
1312 3743 1424 3795 adferre

333 3814 428 3882 possit
464 3813 530 3866 Nam
551 3819 579 3862 et
595 3813 635 3862 rei
656 3811 773 3863 bellicae
795 3813 897 3880 peritos
922 3831 971 3863 nos
988 3813 1070 3866 facile
1088 3813 1262 3881 comperietis
1280 3820 1310 3863 et
1326 3813 1425 3864 fortis-

334 3883 402 3934 sime
421 3885 548 3934 societnte
566 3881 708 3933 vobiscum
729 3883 800 3933 inita
817 3883 1005 3951 proeliantes3
1031 3885 1138 3954 eritque
1156 3882 1235 3937 vobis
1256 3884 1333 3934 locus
1361 3883 1425 3950 ipse

334 3952 364 4001 in
389 3951 520 4002 ulteriore
543 3951 705 4004 Colchorum
724 3954 836 4021 regione
860 3953 928 4004 situs
954 3961 1015 4004 tuto
1035 3953 1104 4007 belli
1131 3952 1231 4015 sedes,
1254 3952 1427 4022 irruptioni-

332 4019 385 4070 bus
404 4020 535 4072 faciendis
557 4022 718 4089 peridouea,
736 4039 767 4074 ac
798 4022 884 4073 veluti
903 4025 1137 4091 propugnaculum
1155 4023 1281 4078 adversus
1299 4022 1424 4074 bostes.”

333 4089 407 4143 Haec
424 4106 485 4139 cnm
503 4090 624 4141 audisset
640 4091 827 4161 Nachoragan,
837 4091 1020 4144 libentissime
1041 4111 1088 4145 eos
1107 4093 1224 4161 excepit,
1237 4099 1267 4144 ei
1283 4093 1426 4145 defectio-

290 4157 294 4164 ’
333 4162 376 4218 oi·
397 4159 542 4220 consilium
563 4158 701 4228 trudeus,
734 4163 892 4236 alacresque
918 4160 996 4217 obire
1021 4164 1117 4229 iussit,
1143 4171 1176 4218 ut
1191 4163 1297 4222 Penios
1315 4162 1426 4221 auxilli
