3109 4950
290 289 343 378 28
715 317 923 388 deitates

151 496 221 552 ML
234 496 284 550 stu
367 471 401 552 ξ.
423 469 555 554 Νόμιμα
567 472 601 536 δὲ
620 465 731 548 αάτοῖς
744 475 950 554 statuarios
965 471 1020 536 καὶ
1037 471 1259 558 πάτρια,τὸἀὲ
1278 481 1358 560 μεῖν

119 639 125 664 ,
178 569 198 618 Ῑ·
209 569 229 618 L
242 569 276 620 2⁶
284 575 374 658 κοινῷ
386 572 574 655 ἐπικρατοῦν
589 596 623 634 τε
640 575 694 636 καί
716 565 813 658 άρχον
828 575 865 660 τῇ
883 575 1045 658 Φραχχικῇ
1064 574 1189 637 ἕπονται
1205 577 1356 663 πολιτεῖηι,

283 666 365 752 μόνα
382 672 417 733 ds'
430 693 464 752 γε
481 666 521 732 τά
538 672 572 743 ἐς
588 668 662 736 θεὸν
676 669 784 746 αὐτοῖς
805 665 843 732 cai
854 665 955 733 sadud
967 671 1114 747 ξυνδοκεῖ.
1130 671 1243 756 δένδρα
1255 698 1287 736 τε
1297 673 1358 758 γάρ

285 793 355 834 τινα
373 765 559 848 ἱλάσκονται,
571 768 626 832 καὶ
634 765 749 854 ῥεῖθρα
762 772 913 850 ποταμοῖν
928 768 983 831 καί
992 767 1110 854 λόφους
1121 769 1177 833 καί
1185 767 1358 855 φάραγγας,

287 869 341 932 καί
360 863 500 946 τούτοις,
529 861 633 951 οἵσπερ
662 862 734 931 ὅσια
757 869 892 952 δρῶντες
898 917 909 948 ,
936 869 1050 942 ἵππους
1075 890 1108 932 τε
1133 871 1187 932 καί
1206 866 1285 948 βόας
1306 871 1379 946 καί5

203 970 235 1026 V.
253 956 370 1040 ιλάλλα
397 955 478 1028 drzu
510 963 610 1049 μυρία
639 967 883 1051 καρατομοῦντες
915 962 1157 1042 ἐπιθειάζουσα.
1191 960 1271 1029 ἀλλά
1298 963 1358 1050 γάρ

258 1062 307 1146 Βῆ
325 1065 388 1128 τῶν
417 1063 569 1147 Φράχχιον
594 1057 708 1138 αὖτοὺς
733 1064 888 1145 ἐπιμιξία,
919 1054 955 1126 ed
981 1067 1131 1144 ποιοῦσα,
1160 1062 1216 1126 καί
1235 1066 1269 1138 ἐς
1290 1060 1359 1131 τάδε

285 1170 492 1243 μετακοσμεῖ,
515 1164 571 1225 καί
584 1155 645 1246 ἤδη
663 1163 830 1246 ἐφέλκεται
844 1158 918 1236 τούς
931 1163 1213 1247 ἕμφρονεστὲρους,
1236 1157 1272 1226 οὗ
1286 1168 1360 1225 πολ-

287 1255 499 1341 tristatum
520 1258 637 1345 χρόνου
658 1264 714 1324 καί
736 1256 855 1325 άπασιν
872 1260 1034 1344 ἐκνικήσει.
1053 1257 1091 1324 τὸ
1115 1259 1174 1347 γάρ
1194 1264 1251 1346 τῆς
1270 1257 1360 1344 δόξης

287 1357 462 1442 παράλογόν
478 1362 578 1422 τεκαί
595 1355 772 1442 ἔκπληκτον,
793 1361 847 1422 καὶ
862 1352 969 1432 αὐτοῖς
989 1351 1079 1439 οἶμαι
1094 1368 1160 1434 τοῖς
1174 1360 1402 1441 χρωμένοις,ιο

287 1456 319 1519 εἰ
331 1453 376 1539 μη
391 1453 523 1536 πάμπαν
537 1452 598 1520 εἶεν
614 1451 751 1540 ἠλίθιοι,
772 1452 932 1540 γνάριμόν
952 1458 987 1520 τέ
1005 1457 1073 1520 ἔστι
1091 1459 1145 1521 καί
1169 1444 1361 1542 εὐφώρατον,

288 1557 343 1619 καί
352 1551 424 1622 ὀἷον
443 1555 617 1644 ἀποσβῆναι
640 1554 768 1644 ῥᾳδίως.
787 1558 944 1620 ἐλεεῖσθαι
966 1558 1025 1636 μὲν
1046 1549 1102 1618 υάν
1122 1557 1241 1636 μᾶλλον
1263 1548 1285 1638 ἢ
1300 1544 1367 1636 xa?

289 1657 490 1720 λεπαίνεσθαι
511 1655 627 1718 δίκαιοι
645 1650 685 1720 ἀν
706 1649 777 1735 εἷεν,
799 1657 853 1717 καῖ
865 1655 1007 1737 πλεῖστης
1019 1653 1272 1736 μεταλαχχάνειν
1287 1677 1364 1736 συχ-

289 1750 413 1837 γνώμης
441 1746 572 1827 ἅπαντες
594 1748 661 1818 ὅσοι
684 1752 722 1837 δὴ
748 1755 805 1816 τοῦ
824 1753 963 1836 ἀληθοῦς
982 1747 1225 1837 ἁμαρτάνουσιν.
1246 1746 1284 1814 od
1302 1748 1362 1836 γάρ

291 1851 391 1933 δήπου
421 1845 541 1925 ἑκόντες
568 1847 649 1916 εἶναι
678 1851 813 1916 ἀλῶνται
837 1853 892 1915 καί
919 1845 1176 1932 ἀλισθαινουσιν,
1203 1847 1284 1914 ἀλλά
1306 1849 1405 1914 τοῦιὸ

291 1942 414 2029 ἀγαθοῦ
429 1948 598 2035 ἐφιέμενοι,
619 1947 725 2014 ἔπειτα
742 1951 913 2034 σφαλέντες
934 1951 973 2034 τῇ
992 1949 1095 2034 κρίσει
1111 1944 1255 2012 τολοιπὸν
1276 1944 1365 2033 ἔχον-Ι

262 2068 345 2120 crac
360 2049 422 2110 τῶν
438 2048 631 2130 θοκηθένταιν
649 2042 760 2133 ἀπρῖξ,
782 2045 875 2111 ὁποῖα
895 2039 973 2112 άττα
991 2048 1046 2110 καί
1060 2048 1186 2128 τύχοιεν
1204 2036 1288 2110 ὅντα.
1309 2042 1382 2128 ιη’ν.

292 2170 328 2228 με
346 2143 410 2229 μὴν
425 2148 489 2209 τῶν
508 2149 631 2210 θυσιῶν
647 2144 795 2232 ὠμότητα
812 2145 868 2210 καί
886 2145 1128 2226 κακοδαιμυνάιν
1138 2196 1148 2226 ,
1169 2144 1228 2208 οάκ
1249 2139 1320 2208 οἶδα
1337 2145 1368 2208 εἰ

294 2239 360 2309 οἷόν
378 2266 413 2308 τε
421 2240 503 2332 λόγῳ
521 2244 718 2327 ἀκέσασθαι,
738 2244 798 2310 εἴτε
818 2237 944 2310 εἷλοεοιν
958 2246 1147 2308 ἐπιτελοῖντο
1164 2238 1270 2327 ὥσπερ
1288 2242 1367 2321 ἀμέ-

294 2347 341 2415 λει
355 2339 441 2427 παρά
453 2343 635 2428 βαρβάροις,
658 2341 718 2408 εἴτε
738 2352 803 2420 τοῖς
818 2342 916 2407 πάλαι
928 2346 1158 2423 νενομισμένοις
1170 2346 1265 2420 θεοῖς,
1274 2336 1409 2403 άποῖαεο

295 2439 328 2507 αἱ
343 2440 571 2527 τῶνἙλλήνων
599 2443 761 2509 ἐθέλουσιν
786 2443 948 2527 άχιστεῖαι.
985 2436 1047 2525 ἐγώ
1068 2441 1128 2522 μὲν
1144 2438 1204 2526 γάρ
1232 2439 1369 2525 ἡγοῦμαι

362 2578 387 2614 ιι.
403 2558 576 2630 ἐπικρατοῦν
597 2574 627 2613 τε
645 2564 693 2613 καῖ
711 2560 802 2631 ἄρχον
815 2588 846 2602 -
866 2560 992 2614 ἕπονται.
1010 2560 1055 2611 Sic
1078 2561 1107 2611 ii.
1124 2569 1153 2613 et
1174 2559 1268 2628 bugd,
1284 2560 1370 2626 Intpr.

362 2646 471 2748 quoffiue
480 2644 630 2694 sectantur,
647 2632 867 2701 ἐπικρατοῦνται
878 2633 926 2682 καὶ
940 2630 1078 2700 ἄρχονται
1090 2659 1117 2669 -
1128 2629 1243 2685 ἓποντες
1256 2628 1317 2683 edd.
1336 2646 1371 2679 ex

358 2716 411 2768 mg.
443 2700 503 2768 ugd.
540 2699 939 2772 3,μόναΒ.((11.),μόνφτιι1φ
974 2703 998 2753 5.
1013 2698 1370 2768 zaissdocadddtetlntpr.

365 2786 388 2835 η.
405 2767 469 2820 τόάε
485 2772 512 2822 R.
528 2781 556 2823 et
569 2770 662 2839 Lugd,
678 2768 709 2822 τά
728 2770 794 2823 βίον
805 2769 864 2822 edd.
876 2789 908 2823 ex
924 2788 975 2839 mg.
991 2770 1076 2839 Lugd.
1128 2789 1154 2839 φ
1172 2768 1251 2840 οἶμαι
1261 2769 1370 2839 χρόνου

363 2840 403 2901 lt,
421 2836 529 2907 χρόνου
548 2838 628 2891 οἶμαι
642 2842 711 2911 vulg.
774 2860 812 2895 ro.
828 2844 919 2891 τεκαὶ
933 2844 962 2892 li.
979 2840 1078 2908 bugd,
1099 2855 1132 2909 γε
1147 2844 1195 2890 καὶ
1212 2840 1273 2891 edd.
1312 2856 1370 2890 ·12.

363 2910 477 2979 μᾶλλον
492 2898 775 3034 add.ti.501.),1ntpr.
791 2912 892 2981 potius.
948 2910 986 2964 15.
998 2910 1072 2963 εἶναι
1081 2910 1142 2962 add.
1153 2909 1247 2980 bugd,
1263 2907 1324 2961 edd.
1343 2917 1373 2961 ct

364 2980 393 3030 R.
408 2997 461 3031 orn.
533 2981 572 3033 18.
591 2997 671 3053 ομαι
683 2983 713 3038 Η.
725 2998 773 3050 pro
788 2979 863 3039 olda.

366 3108 393 3160 η.
417 3090 487 3143 Sunt
503 3108 565 3144 vero
582 3093 663 3145 etiam
680 3093 722 3145 bis
734 3094 824 3163 patria
838 3095 971 3165 quaedam
986 3095 1129 3147 instituta:v
1149 3093 1179 3145 in
1193 3091 1373 3160 reipublicae

296 3176 359 3213 vero
378 3161 613 3215 administratione
630 3165 795 3215 Francorum
820 3166 944 3247 politiam
964 3174 1127 3236 sequuntur:
1151 3172 1258 3215 tautum
1281 3164 1372 3224 iniis,

298 3248 366 3301 quae
382 3233 416 3283 ad
430 3233 518 3284 Deum
534 3235 689 3301 pertinent,
711 3241 847 3286 sententra
867 3238 979 3288 variant.
1010 3235 1127 3287 Arbores
1148 3235 1221 3285 enim
1242 3230 1374 3302 quasdam

297 3302 400 3363 colunt,
421 3310 447 3352 et
462 3300 603 3355 fluminum
616 3306 707 3372 lapsus
718 3313 746 3355 et
759 3306 841 3356 colles
856 3311 884 3355 et
898 3308 997 3357 saltus:
1015 3314 1097 3375 atque
1111 3304 1164 3366 his,
1181 3312 1312 3373 tanquam
1327 3302 1374 3351 iu-

298 3378 339 3421 sta
353 3370 501 3433 facientes,
528 3390 612 3444 equos
625 3374 763 3444 bovesque
777 3376 887 3445 aliaque
900 3375 1097 3446 quamplurima
1113 3374 1223 3425 resectis
1239 3371 1374 3439 capitibus

297 3441 447 3491 immolant.
474 3444 553 3494 Porro
570 3444 746 3508 consuetudo,
763 3461 845 3515 quam
864 3462 924 3495 cum
937 3446 1047 3496 Francis
1064 3444 1176 3505 babent,
1190 3442 1256 3509 ipsis
1270 3439 1376 3492 condu-

299 3511 345 3573 cit,
359 3510 388 3560 in
398 3512 494 3563 melius
508 3515 672 3565 transferens
688 3522 716 3566 et
737 3513 936 3585 quodammodo
956 3513 1114 3582 pertrahens
1135 3512 1298 3563 cordatiores
1314 3531 1320 3560 :
1346 3518 1376 3561 et

298 3580 385 3643 brevi,
404 3582 444 3631 uti
460 3598 547 3649 sper0‚
572 3592 694 3653 tempore
707 3581 759 3634 hoc
777 3585 866 3651 ipsum
879 3583 951 3650 apud
972 3602 1064 3635 omncs
1081 3586 1194 3635 evincet
1229 3580 1375 3649 Opinionis

300 3651 372 3701 enirn
386 3650 538 3703 absurditas
551 3661 578 3704 et
589 3654 698 3705 vesania
713 3656 797 3704 etiam
811 3654 845 3703 ab
860 3654 927 3721 ipsis
943 3654 1067 3715 arbitror,
1080 3656 1127 3723 qui
1144 3668 1175 3703 ea
1187 3651 1288 3702 imbuti
1301 3657 1375 3710 sunt,

300 3720 354 3770 uisi
367 3722 448 3788 plane
462 3720 557 3774 stolidi
570 3724 633 3785 sint,
652 3724 836 3791 cognoscitur,
849 3722 984 3793 facileque
997 3724 1031 3775 iis
1046 3724 1126 3774 eximi
1145 3721 1238 3791 possit.
1265 3722 1300 3771 Et
1313 3735 1377 3782 sane

300 3792 532 3844 commiseratione
556 3800 583 3843 ct
609 3794 688 3845 venia
707 3795 808 3862 potius,
834 3810 916 3862 quam
941 3793 1005 3844 odio
1032 3793 1106 3861 digni
1126 3799 1189 3843 sunt
1206 3796 1342 3861 quotquot
1360 3805 1377 3839 a

300 3874 363 3909 vero
377 3861 509 3914 aberrant.
544 3860 642 3931 Neque
661 3865 734 3914 enim
748 3864 871 3916 volentes
885 3871 976 3913 errant
990 3870 1019 3914 et
1030 3862 1176 3924 labuntur,
1203 3858 1252 3910 sed
1267 3858 1378 3909 boniac
1401 3882 1404 3887 ·

300 3928 367 3978 recti
382 3928 511 3998 studiosi3
536 3933 639 3984 iudicio
657 3941 748 3984 autern
763 3930 872 3999 decepti
887 3936 1030 4001 conceptas
1045 3933 1128 3985 semei
1143 3931 1286 4000 opiniones
1305 3945 1380 3979 moi·-

301 3996 377 4049 dic'us
391 4006 494 4063 tenent,
513 4004 705 4074 cuiuscumque
720 4004 828 4071 generis
839 4001 948 4053 fuerint
973 4004 1055 4053 Porro
1072 4002 1264 4053 sacrificiorum
1281 4000 1380 4049 imma-

301 4068 371 4118 nitas
388 4075 415 4119 et
429 4068 536 4123 sinister
551 4073 653 4135 cuitus,
679 4089 735 4123 non
752 4072 816 4123 satis
833 4072 889 4123 scio
905 4089 939 4123 an
956 4071 1046 4123 verbis
1064 4073 1151 4123 curari
1170 4071 1296 4138 possint,
1323 4068 1380 4118 sive

302 4138 415 4188 saltibus
434 4146 462 4189 et
476 4139 544 4190 lucis
561 4150 731 4207 praestetur‚·
742 4151 773 4193 ut
786 4141 858 4211 apud
872 4141 1020 4206 barbar0s3
1047 4144 1104 4194 sive
1120 4142 1169 4200 iis,
1189 4140 1238 4209 qui
1252 4139 1319 4190 olim
1330 4136 1381 4207 ha-

301 4206 354 4261 biti
371 4214 435 4261 sunt
453 4206 510 4271 dii,
534 4212 626 4278 quales
645 4211 808 4268 Graecorum
825 4212 921 4281 religio
932 4212 1028 4264 tenuit.
1073 4205 1206 4281 Equidem
1228 4209 1267 4260 ita
1287 4215 1380 4260 statuo
