3109 4950
449 356 730 423 nemausus
753 359 806 421 ιτ.
828 351 880 415 εν.
1136 331 1218 417 255

142 517 290 599 όόστεροτ
309 513 411 576 ποιεῖν
437 509 473 577 τό
496 508 685 597 φασκοόλιον.
725 501 839 593 ἤμελλε
868 513 903 574 dl
922 502 988 598 ἄρα
1008 512 1112 602 χρόνιρ
1133 507 1298 591 ὕστα-Μ.
1313 529 1366 586 556

142 637 200 699 ρον
219 609 330 687 πωνός
347 609 484 695 μεγάλας
503 609 613 694 ἡλίκας
633 607 860 681 οἷποτιννόναι,
889 611 919 676 el
937 608 997 697 γὰρ
1018 614 1075 676 καί
1090 599 1329 698 stuplonem-³⁰

141 709 220 792 μετὰ
241 700 345 776 ταῦτα
362 709 493 794 διήνυσε
511 707 643 787 πόνους,
663 703 720 771 καί
744 709 887 790 μέγιστον
912 701 1011 794 ἤρατο
1029 711 1118 786 κλέος
1138 711 1226 799 ἀμφί

140 807 195 874 τόν
207 802 331 896 Ἴστρον
351 806 507 889 ποταμόν,
527 804 590 883 τός
617 807 679 871 τῶν
710 803 882 893 βαρβάρων
911 806 1086 895 ἐπιδρομὰς
1112 805 1226 876 ἆνακό·

121 912 229 973 ὄντων
241 958 254 995 ,Χ
274 902 342 971 ἀλλ’
364 906 459 972 ovidio
478 906 606 970 ἐνθένδε
625 902 647 988 ἦ
666 907 724 968 τοῦ
743 905 916 990 κρείττονος
936 905 1111 972 &murdro
1131 906 1247 992 όίκη,Β

143 1007 219 1072 root
239 1005 358 1082 τοότοις
378 1008 481 1072 ἐκεῖνα
502 1001 749 1068 ἐπεκαλόπτετοτ
772 1001 860 1085 ἔμενε
881 1007 926 1088 δὲ,
948 1001 1054 1089 οἶμαι,
1074 1005 1227 1093 ἠρεμοῦν-

139 1129 180 1170 τα
208 1107 264 1170 καί
282 1104 474 1192 ἐφυλάττετο
503 1101 624 1186 μόνιμα
644 1103 700 1166 καί
725 1101 912 1190 όνόγραπτα
940 1105 1037 1192 μέχρι
1065 1107 1124 1171 τοῦ
1155 1131 1226 1170 και-

140 1207 202 1290 ροῦ
229 1207 285 1270 rosi
309 1204 507 1289 καθήκοντος.
549 1201 588 1265 orl
617 1200 679 1287 γοὶρ
707 1196 776 1283 ἅμα
803 1203 847 1291 τῷ
874 1210 1067 1289 πλημμελεῖν
1094 1207 1150 1269 καί
1168 1201 1308 1282 rigum

138 1306 294 1387 τιμωρίας
314 1294 558 1386 οἷναμετρεῖσόαι
586 1300 791 1386 πεφύκαμεν,
819 1299 898 1383 μετὰ
927 1301 1042 1388 χρόνον
1071 1305 1107 1369 δὲ
1127 1302 1170 1378 ιός
1188 1300 1227 1368 τό

105 1401 246 1487 ιοιιολλόι
278 1403 334 1465 καί
364 1397 441 1476 ἴσως
467 1400 560 1484 ἡνίκα
578 1403 642 1464 τῶν
670 1402 883 1486 εἰργασμένων
903 1400 1154 1488 ἐπιλελήσμεθα.
1173 1406 1231 1468 καί

143 1498 311 1581 ἀνιώμεθα
329 1502 389 1582 μὲν
408 1497 448 1568 τό·
461 1502 640 1585 παραυτίκα
662 1508 728 1575 τοῖς
749 1503 825 1564 καθ’
845 1500 936 1586 ἡμῶν
953 1506 1161 1585 γιγνομένας,
1185 1499 1229 1578 οός

142 1598 330 1686 παραλόγως
349 1602 404 1664 καί
424 1594 483 1662 oris
505 1601 540 1664 όν
562 1599 633 1686 όίκη
653 1597 887 1684 συμβεβηκόσι,
919 1601 975 1666 καί
993 1600 1230 1684 καταιτιοόμεθα

143 1697 285 1784 φθόνους
304 1693 521 1785 ἇνόρωπειόυς
548 1696 646 1780 τυχόν
666 1701 723 1762 καί
740 1701 928 1780 δυσμενείας
935 1751 945 1781 ,
978 1697 1021 1779 nie
1050 1703 1085 1766 ἐκ
1111 1699 1231 1766 τούτων

143 1797 183 1861 οὕ
204 1794 396 1883 προσήκοντα
417 1796 622 1873 πεπονθότες·
649 1796 685 1862 τό
708 1799 744 1863 δὲ
764 1802 894 1880 ξυνόχον
916 1795 999 1884 ἡμᾶς
1026 1799 1083 1864 καί
1101 1803 1242 1866 ‹leardo-⁴
1276 1844 1280 1857 ·

105 1903 199 1966 ιότον
217 1894 383 1962 ἐπιόνταται
407 1893 442 1962 τό
469 1899 589 1984 πρέπον
609 1893 730 1987 ἓκόστφ
748 1901 804 1962 κοί
820 1896 1037 1984 ὀφειλόμενον,
1052 1903 1107 1965 καί
1125 1895 1231 1988 τρόπῳ

143 1991 208 2086 ότιρ
227 1994 283 2061 καί
300 1993 448 2077 βοόλεται
467 1999 587 2078 μέτεισι
608 1997 665 2061 καί
686 1993 848 2082 όνιχνεόει
870 1996 910 2062 τό
931 2002 1034 2086 πολλῷ
1050 1997 1258 2086 ἔμπροσθενῦ

144 2095 365 2181 ἡμαρτημένα.
388 2090 460 2158 ἀλλ’
474 2094 570 2160 όποία
587 2099 647 2178 μὲν
662 2088 741 2160 dna
756 2094 812 2160 ε’πί
824 2095 990 2184 Ἰουστιόῳ
1012 2091 1143 2182 όστερον
1162 2103 1235 2176 ξυν-

143 2196 270 2280 ηνόχόη
298 2197 354 2258 καί
379 2187 465 2270 ὅπως
492 2190 582 2284 arisai
606 2195 706 2279 ἧτοό
719 2197 796 2278 ’βίου
810 2197 933 2280 καὶτῆς
951 2193 1107 2281 τοσαύτης
1125 2196 1235 2260 caldus-

143 2292 262 2377 μονίας
291 2290 462 2370 κατάλυσις
493 2289 646 2379 οἷόόκητος
680 2295 854 2377 ἐπεγένετο,
886 2295 1049 2380 εἰρήσεταί
1061 2317 1118 2376 μοι
1139 2296 1172 2371 ός
1197 2294 1235 2359 τό

94 2395 278 2481 ποοίκριβὲς
295 2394 432 2476 ἕκαστα,
460 2391 552 2479 ἧνίκα
573 2392 592 2460 o‘
611 2389 702 2478 λόγος
726 2389 790 2481 etp
813 2389 870 2457 ιὀόν
894 2387 1079 2468 includens
1102 2397 1159 2458 κατ’
1180 2393 1234 2460 διὰ

144 2494 209 2558 τῶν
230 2494 286 2557 aiei
311 2494 472 2577 ἐχομένων
492 2492 672 2580 φερόμενος,
695 2494 729 2569 ἔς
751 2494 850 2557 ἐκεῖνο
876 2495 934 2557 τοῦ
959 2490 1077 2579 χρόνου
1098 2516 1235 2581 περιενε-

143 2590 254 2679 χθείη.
273 2595 331 2657 νῦν
356 2595 392 2664 δὲ
416 2590 480 2658 οἷνό
507 2590 548 2659 τοὶ
573 2590 713 2680 πρότερό
736 2614 795 2675 μοι
814 2594 984 2675 ἐπανιτέον,
1006 2594 1063 2661 καί
1076 2602 1142 2671 τοῖς
1164 2588 1236 2681 ἑξῆς

143 2694 363 2777 ἐπιχειρητέα.
435 2748 438 2751 ,

224 2818 247 2855 1.
265 2800 429 2871 φασκόλιον
446 2804 476 2854 ll.
559 2804 596 2857 τό.
623 2798 667 2855 ὅτε
683 2804 713 2855 ll.

147 2938 308 2978 crumenam
329 2920 453 2979 reddens,
488 2921 619 2973 successu
637 2937 701 2973 vero
719 2925 849 2992 temporis
871 2940 962 2992 graves
981 2936 1081 2990 poenas
1100 2930 1158 2976 erat
1174 2940 1238 2995 per-

147 2996 301 3048 soluturus.
318 2992 439 3043 Tametsi
456 2994 531 3043 enim
548 2992 672 3043 infinitos
690 2992 821 3059 posthaec
838 2993 946 3045 labores
967 2994 1123 3056 exantlavit,
1148 2997 1237 3044 mari-

145 3078 278 3135 mamque
303 3062 414 3131 gloriam
431 3068 473 3113 est
498 3069 659 3113 consecutus
686 3063 758 3112 circa
786 3063 884 3113 Istrum
903 3062 1031 3125 lluvium,
1050 3062 1237 3115 barbarorum

145 3137 270 3187 insultus
295 3131 461 3184 retundens:
480 3131 531 3183 sed
547 3131 620 3183 nihil
636 3129 703 3183 inde
721 3131 815 3183 divina
833 3133 955 3184 vindicta
974 3138 1016 3183 cst
1033 3133 1169 3195 emollita,
1186 3149 1238 3183 ne·

145 3224 204 3276 que
222 3205 266 3257 his
283 3204 332 3255 illa
343 3202 454 3254 obtecta
464 3201 588 3267 fuerunt3
605 3210 764 3253 manserunt
779 3218 853 3265 vero,
873 3202 1000 3263 arbitror,
1019 3204 1123 3271 quista,
1136 3210 1165 3252 et
1178 3219 1236 3253 me·

144 3277 255 3328 moriae
272 3275 387 3327 firmiter
403 3274 496 3335 infixa,
513 3273 543 3323 in
560 3278 747 3340 opportunum
765 3279 871 3341 tempus
890 3279 954 3323 sunt
973 3271 1116 3323 custodita.
1140 3271 1235 3341 Neque

146 3348 226 3399 enim
243 3344 408 3414 simulatque
429 3343 625 3413 delinquimus,
642 3357 732 3411 poena
749 3344 841 3394 statim
861 3342 975 3413 irrogari
993 3342 1083 3405 solet,-
1102 3342 1152 3395 sed
1176 3344 1237 3409 plc-

144 3432 267 3489 rnmque
283 3424 347 3485 post
365 3413 478 3485 aliquod
498 3421 624 3480 tempus,
649 3428 766 3481 cumque
784 3413 905 3464 fortassis
924 3428 1028 3477 eorum,
1047 3429 1115 3483 qnae
1134 3430 1236 3483 perpe-

145 3488 290 3547 travimus,
307 3501 399 3537 snmus
419 3484 517 3539 obliti:
536 3492 565 3535 et
579 3482 702 3537 dolemus
720 3480 831 3552 quidem
847 3483 923 3534 illico
944 3483 980 3535 ob
998 3484 1079 3547 mala,
1099 3500 1170 3555 quae
1185 3500 1238 3535 uo-

145 3558 195 3610 bis
215 3556 361 3619 reddunt,
386 3556 501 3625 perinde
526 3554 599 3605 acsi
625 3554 797 3605 immerentes
821 3554 980 3623 iniusteque
1003 3555 1039 3606 iis
1066 3570 1238 3622 premamur,

145 3636 239 3694 atque
263 3626 416 3677 incusamus
445 3624 556 3698 quidem
583 3622 724 3675 hominnm
748 3622 880 3675 invidiam
909 3625 1032 3677 fortassis
1059 3632 1088 3677 et
1114 3624 1237 3675 inimici·
1322 3663 1326 3672 .

146 3699 239 3751 tiam,
264 3700 393 3762 tanquam
410 3694 444 3747 ab
472 3697 506 3746 iis
526 3692 647 3763 indignis
671 3693 750 3745 malis
772 3693 871 3747 affecti.
907 3696 983 3747 Dens
1001 3710 1083 3756 vero,
1111 3694 1142 3745 in
1160 3695 1237 3745 culus

147 3780 239 3817 manu
258 3770 340 3830 atque
357 3764 470 3833 imperio
494 3780 594 3826 sumus,
612 3768 666 3819 scit
681 3763 751 3835 qnid
767 3764 868 3836 cuique
887 3764 1034 3817 conveniat
1048 3770 1078 3815 ct
1095 3761 1236 3827 debeatur,

146 3845 181 3889 et
214 3848 251 3883 uo
271 3832 325 3900 ipsi
341 3834 428 3885 visum
441 3842 482 3886 est
497 3834 588 3897 modo,
601 3836 775 3905 persequitur
789 3842 872 3904 atque
880 3834 1025 3903 investigat
1033 3841 1150 3901 peccata,
1166 3852 1238 3905 quae

147 3854 243 3958 τοιίόλο
260 3910 341 3953 antea
357 3908 478 3971 tempore
494 3911 558 3957 sunt
574 3903 721 3955 commissa.
757 3904 886 3956 Ceterum
911 3904 1004 3974 qualia
1029 3904 1135 3955 Iustino
1159 3913 1237 3975 post·

149 3973 270 4027 modum
289 3971 452 4036 acciderint,
469 3979 498 4023 et
515 3974 625 4041 qualem
641 3975 729 4041 ipsius
757 3980 787 4023 et
803 3974 860 4026 rita
880 3981 1013 4043 tantaque
1037 3973 1154 4026 felicitas
1173 3976 1237 4026 inc-

149 4048 285 4115 pinntnm
303 4043 406 4095 exitum
424 4040 570 4104 habuerit,
592 4044 718 4094 dicentur
734 4057 751 4091 ε
770 4058 814 4095 me
834 4050 958 4094 accurate
978 4044 1084 4113 ringula
1094 4082 1103 4109 ‚
1127 4044 1235 4115 qnando

151 4131 246 4167 sermo
272 4129 322 4165 suo
340 4120 539 4185 consequenter
556 4112 653 4163 ordine
670 4110 831 4179 procedens,
858 4119 886 4163 et
904 4112 1091 4165 continuatam
1108 4112 1235 4165 inciden-

150 4186 228 4235 tium
246 4199 335 4235 rernm
351 4183 450 4236 seriem
476 4194 664 4252 persequens,
687 4180 722 4232 ad
749 4180 800 4231 illa
826 4187 947 4255 tempora
972 4182 1058 4235 inerit
1080 4182 1235 4253 perductus.

151 4251 238 4307 Nune
247 4252 354 4312 rernad
367 4255 461 4324 priora
475 4250 544 4311 milri
552 4257 595 4305 est
603 4246 781 4315 redeundum,
795 4248 954 4324 reliquaque
962 4251 1235 4325 snntpmsequeuda.
