3109 4950
487 302 770 372 ursrourluuu
797 308 852 369 ur.
873 306 923 376 ro
1194 266 1273 387 175

178 461 328 553 Ὶρυφόροι
349 456 406 525 κου’
421 455 537 525 όπόσον
552 454 630 525 ἄλλο
647 459 734 546 adrui
755 454 889 542 θητικόν
911 456 1015 521 einero
1034 446 1056 541 ἢ
1078 456 1133 519 καί
1150 455 1274 534 δοῦλον,
1282 456 1311 507 Α·
1320 454 1348 506 C·
1358 452 1408 511 555

189 564 406 646 ἕκμελέστερον
428 556 484 622 καὶ
507 552 593 624 οὗτοι
618 556 752 633 ἅπαντες
772 551 795 639 ἢ
821 553 864 631 τός
889 557 923 620 ἐν
942 555 1101 635 πολεμίων
1122 576 1272 635 κατεσκη-
1297 526 1377 596 'Lm

188 664 337 746 νημένοι,
358 654 562 725 ἀνεπαύοντο.
584 661 619 725 ἐν
640 656 740 745 τούτῳ
760 657 796 720 δὲ
816 652 847 719 οἱ
867 656 1079 735 Μισιμιοινοὶ,
1105 649 1164 736 τὴν
1181 645 1273 737 όβριν

154 788 159 802 ·
188 754 248 824 osia
264 756 452 841 ἐνεγκόντες,
472 758 676 843 ἐπιφοιτῶσιν
706 748 816 829 αὖτοῑς
841 750 1064 840 καρτερώτατα
1081 752 1273 832 ἐξωπλισμέ-

168 856 255 939 tvos,
276 856 332 921 καί
349 856 464 921 αὐτίκα
477 854 532 919 ἐπὶ
547 854 582 921 τό
604 852 764 937 δωμάτιον
776 851 994 939 χωρήσαντες,
1016 843 1056 915 οό
1071 847 1109 935 dr)
1133 848 1151 915 ό
1173 873 1273 935 στρα-

186 956 278 1043 τηγὸς
296 958 490 1037 οἷνεκέκλιτο,
514 956 752 1018 κατακτείνουσι
766 954 941 1037 προτέρους
959 946 1032 1025 τοός
1055 950 1273 1035 παρευναστῆ-

187 1080 245 1141 ρας
260 1057 323 1119 τεόν
339 1049 554 1139 θεραπόντων.
588 1048 731 1137 θορόβου
748 1052 795 1133 di,
813 1045 917 1135 ὥσπερ
932 1047 1029 1129 εἰκός,
1058 1044 1113 1113 καὶ
1130 1042 1270 1129 πατᾶγου

185 1158 304 1218 πολλοῦ
317 1156 507 1238 κινηθέντος,
528 1150 735 1236 ξυναίσθησις
754 1153 814 1232 μὲν
827 1151 884 1214 τοῦ
899 1149 997 1212 κακοῦ
1015 1147 1100 1235 αὐτῷ
1118 1170 1153 1210 τε
1167 1150 1272 1229 Σωτη-

194 1252 273 1341 ρίχῳ
297 1254 353 1317 καὶ
375 1260 442 1327 τοϊς
460 1250 542 1337 ἀμφ’
560 1250 661 1315 αὐτόν
681 1242 800 1314 ἅπασιν
821 1249 973 1331 ἐγίγνετο·
1003 1244 1058 1309 καὶ
1080 1246 1184 1311 τοίνυν
1208 1241 1271 1309 ὑπό

143 1354 280 1427 εοιλὲους
299 1352 405 1416 ἐκτῶν
422 1351 521 1415 εὐνῶν
540 1346 757 1431 ἅνεπόλλονιο,
773 1345 822 1413 ἐτι
837 1349 874 1411 δὲ
888 1350 933 1434 τῷ
948 1340 1036 1433 ὕπνῳ
1049 1340 1270 1432 καρηβαροῦν·

186 1474 237 1525 τες
252 1453 308 1513 καί
327 1452 526 1533 παρειμένοι,
556 1442 738 1528 ἆμόνεσθαι
763 1446 868 1522 αὐτοῖς
889 1437 928 1508 oi
945 1469 978 1509 τι
1000 1444 1089 1527 μάλα
1107 1445 1222 1530 παρῆν.
1242 1441 1350 1509 oleti

187 1546 322 1634 μὲνγὰρ
343 1555 411 1622 ταῖς
436 1542 585 1633 σισύραις
604 1542 650 1611 roi
668 1544 743 1611 πόδε
761 1543 1043 1631 περιελιττόμενοι,
1064 1543 1201 1629 εἴργοντο
1216 1542 1272 1627 τῆς

187 1650 325 1734 πορείας,
347 1644 375 1713 οἱ
393 1648 428 1711 δὲ
451 1645 508 1711 καὶ
525 1638 585 1732 ἤδη
606 1644 661 1711 ἐπὶ
675 1642 713 1710 τό
732 1643 808 1731 ξίφη
826 1642 1039 1731 ὁρμήσαντες,
1065 1643 1121 1709 καί
1141 1640 1272 1727 σχεδιά-

187 1749 254 1827 ζειν
279 1746 467 1832 πειρώμενοι
490 1742 531 1810 τοὶ
557 1746 711 1827 πολέμια,
739 1744 889 1819 ἀλύοντες
911 1738 996 1829 η’σαν
1015 1742 1199 1829 οἰκτρότατα
1217 1737 1270 1811 οἶα

149 1847 222 1913 ιόἐν
236 1842 334 1934 σκότῳ
351 1844 412 1909 καὶ
423 1842 541 1934 ἀπορίη
550 1896 561 1926 ,
582 1841 652 1909 ἔστε
668 1842 742 1921 τοός
762 1843 891 1928 τοίχους
907 1838 1198 1931 περιρρηγνύμενοι,
1216 1846 1272 1909 καί

186 1938 246 2027 όπη
268 1941 443 2026 ἐτόγχανον
461 1944 588 2025 κειμενα
604 1941 644 2007 τό
656 1937 739 2009 duta
756 1944 1001 2027 ἐπιλελησμένοι·
1023 1940 1102 2010 ἔνιοι
1114 1945 1149 2008 δὲ
1162 1937 1268 2007 αὐτῶν

184 2044 242 2107 καὶ
264 2044 308 2131 τῷ
327 2034 387 2127 ἤδη
416 2046 627 2129 ξυνειλῆρθαι
649 2036 852 2128 ἀπειρηκότες
859 2092 870 2123 ,
899 2041 1039 2107 addendes
1060 2044 1351 2128 ἐμηχανῶντονεσ

183 2138 285 2223 ἐβόων
298 2164 330 2205 τε
341 2137 439 2223 μόνον
454 2132 549 2217 ἄλλος
563 2133 742 2205 όλλοθικαί
756 2130 967 2227 ωλοφόροντο,
986 2136 1043 2205 οὐκ
1059 2140 1185 2224 ἔχοντες
1196 2138 1222 2223 ό,
1236 2169 1269 2208 τι

184 2242 240 2305 καί
258 2236 418 2325 dodonaeo.
450 2233 534 2302 οὕτω
553 2242 588 2303 di
611 2239 718 2303 ου’τῶν
734 2240 1045 2323 καταπεπληγμένων,
1069 2242 1269 2307 ἐπεισπεσόν-

140 2334 237 2417 nerag
256 2339 285 2403 οἱ
304 2340 463 2425 βάρβαροι
487 2335 584 2403 αὐτόν
603 2362 636 2403 τε
658 2336 842 2424 Σωτηριχον
864 2340 1100 2403 κατακτείνουσι
1121 2339 1178 2405 κατ’
1193 2336 1270 2417 τοός

142 2483 143 2490 1
184 2442 303 2516 ’παῖδας
322 2440 378 2504 καί
396 2435 476 2525 πρός
498 2462 533 2522 γε
558 2436 741 2522 ξύμπαντας
760 2434 835 2514 τοός
851 2430 980 2521 ἄλλους,
1009 2436 1090 2524 πλὴν
1108 2442 1137 2506 εἰ
1152 2437 1198 2526 μή
1220 2458 1297 2518 rice

258 2595 279 2629 r.
297 2571 409 2628 ὁπόσον
427 2573 495 2626 ἄλλο
515 2571 592 2643 αὐτῷ
609 2577 653 2638 u,
673 2571 744 2630 ὅσον
760 2573 835 2644 αὐτῷ
854 2571 920 2627 etto
938 2575 1009 2647 vulg.
1091 2595 1115 2630 a.
1133 2575 1166 2630 ἐν
1183 2580 1269 2630 πολε-

177 2678 179 2682 -
255 2649 331 2718 μίαν
345 2649 390 2705 lt..
412 2646 443 2698 ἐν
462 2647 585 2716 πολεμίη
601 2647 672 2716 vulg.
800 2665 826 2716 9.
845 2645 975 2715 ἐγίγνετο
994 2649 1041 2709 tt,
1065 2646 1177 2718 ἐγένετο
1196 2652 1268 2719 vulg.

261 2733 297 2767 sn.
312 2717 498 2784 occupassit,
517 2716 636 2787 σκόραις
651 2717 734 2786 vulg„
748 2717 833 2786 lntpr.
850 2729 926 2771 veste
941 2719 1069 2786 cotonea.
1108 2721 1148 2786 14.
1162 2719 1269 2771 ‹lirior-

256 2799 302 2842 τες
319 2788 413 2854 scripsi
429 2803 479 2855 pro
495 2788 565 2858 vulg.
580 2785 709 2850 οἷλόντες,
732 2787 900 2850 dioecesib,
915 2790 999 2859 Intpr.
1018 2788 1172 2842 errabundi
1181 2790 1269 2862 ιεἰτύα-

185 2877 189 2882 ·
257 2857 412 2928 ςαόααταν,
433 2857 512 2926 quasi
529 2859 627 2927 lcgerit
644 2857 794 2930 ἀλώμενοι.
870 2859 952 2909 -Num
969 2859 1074 2929 ᾔεσανῖ
1109 2864 1268 2913 Universum

255 2928 347 2980 locum
371 2927 559 2979 emendatione
585 2944 662 2998 egere
688 2930 842 2999 perspicio,
874 2931 939 2981 satis
960 2931 1133 3001 probabilem
1156 2933 1267 3003 invenio

254 2999 368 3050 nullam.
440 3001 478 3052 15.
496 3012 644 3071 περιρηγκ.
662 3002 691 3052 ll.

182 3103 235 3155 lilii
258 3111 286 3155 et
304 3101 452 3164 satellites,
473 3109 500 3154 et
520 3111 657 3174 quotquot
674 3121 736 3155 eum
763 3104 906 3157 domestici
920 3100 1016 3155 famuli
1031 3111 1060 3156 et
1078 3105 1148 3156 servi
1167 3100 1267 3175 seque-

183 3174 299 3236 bantut,
319 3175 402 3225 etiam
424 3171 455 3224 hi
474 3191 566 3226 omnes
593 3177 731 3237 securius,
757 3193 837 3246 quam
854 3175 884 3226 iu
908 3173 1001 3225 hostili
1022 3183 1093 3225 terra
1118 3177 1268 3226 convenie-

183 3243 241 3306 bat,
259 3243 436 3296 dormiebant„
465 3245 571 3296 Interea
589 3261 653 3296 vero
664 3245 823 3307 Misimiani,
843 3244 973 3296 iniuriam
990 3253 1129 3312 acceptam
1149 3261 1206 3296 non
1223 3245 1268 3296 fe-

184 3323 283 3376 rentes,
301 3312 468 3366 validissime
487 3314 583 3366 armati
604 3315 633 3365 in
652 3331 698 3366 eos
716 3317 834 3375 irruunt,
845 3316 1000 3384 *statimque
1018 3317 1047 3364 in
1065 3314 1269 3377 domunculam,

184 3383 214 3433 in
232 3399 283 3452 qua
301 3383 419 3436 cubabat
435 3385 598 3453 praefectus,
617 3385 812 3454 irrumpentes,
829 3385 952 3453 proxime
971 3383 1132 3436 accubantes
1150 3386 1269 3437 famulos

183 3453 366 3505 obtruncant'
393 3455 523 3506 Tumultu
541 3458 643 3526 itaque,
657 3459 711 3508 'uti
729 3471 779 3524 par
798 3464 848 3516 cst,
876 3454 1046 3526 strepituque
1065 3455 1171 3524 ingenti
1193 3455 1269 3506 erci-

182 3530 250 3585 teto,
269 3541 361 3575 seusus
379 3526 446 3577 mali
463 3524 498 3576 ad
516 3525 686 3577 Soterichum
704 3526 879 3596 reliquosque
900 3527 948 3594 qui
967 3527 1021 3595 ipsi
1039 3525 1154 3578 aderant
1171 3541 1266 3576 omnes

180 3594 315 3714 pervenit
341 3594 474 3664 Quocirca
498 3613 558 3646 cum
584 3612 647 3664 prae
671 3605 744 3648 metu
762 3597 841 3648 lectis
859 3597 977 3658 excussi,
992 3613 1087 3649 sonmo
1105 3604 1198 3647 tamen
1215 3594 1266 3646 ad·

202 3680 236 3715 uc
254 3667 420 3732 praegravati
440 3673 469 3718 et
487 3665 610 3734 languidi
631 3675 733 3729 essent,
764 3684 820 3718 non
848 3665 995 3719 admodum
1012 3682 1072 3718 sese
1093 3666 1164 3716 tueri
1183 3672 1277 3732 pote-¹

181 3741 262 3800 rant3
284 3734 334 3786 alii
353 3737 423 3788 enim
443 3753 502 3787 cum
520 3736 602 3807 pedes
620 3736 739 3806 pellibus
761 3737 898 3789 involutos
914 3735 1058 3797 haberent,
1078 3736 1184 3786 incessu
1198 3752 1267 3804 pro-

181 3802 364 3870 hibebantur3
391 3805 438 3859 alii
457 3823 521 3858 vero
541 3823 600 3858 curn
624 3811 678 3858 iam
696 3805 729 3858 ad
748 3823 825 3858 enses
848 3806 1019 3874 arripiendos
1036 3812 1211 3873 proruerent,
1236 3815 1267 3858 et

181 3875 387 3926 tumultuarium
405 3877 561 3929 conflictum
579 3883 732 3939 tentarent,
749 3876 897 3929 errabundi
921 3875 1072 3928 miserrime
1091 3875 1265 3938 ferebantur,

181 3951 278 4012 utpote
293 3945 325 3995 in
343 3945 464 4001 tenebris
483 3956 512 3999 et
529 3961 631 3998 summa
645 3947 752 3998 consilii
770 3947 872 4015 inopia,
893 3946 922 3995 in
935 3945 1055 4014 parietes
1072 3945 1265 4015 impingentes,

181 4019 211 4064 et
227 4012 341 4066 ubinam
358 4033 430 4070 arma
451 4016 642 4086 deposuissent
659 4015 747 4067 obliti
772 4014 905 4067 Nonnulli
923 4031 987 4065 vero
1003 4014 1124 4082 ipsoram
1138 4033 1171 4068 eo
1227 4015 1265 4067 od

180 4083 235 4134 iam
253 4088 375 4154 oppressi
394 4095 485 4139 essent
502 4087 692 4154 desperantes,
712 4083 783 4136 nihil
800 4085 882 4150 plane
901 4085 1087 4149 attentabant,
1110 4034 1265 4138 elamab'bnt

178 4157 286 4204 tantum
305 4155 376 4207 alius
396 4157 465 4209 alibi
483 4163 565 4225 atque
583 4154 740 4216 eiulabaut,
760 4155 848 4223 ignari
866 4153 934 4224 quid
953 4163 1071 4224 agerent
1107 4157 1152 4208 sic
1169 4157 1264 4220 itaque

178 4224 311 4291 perculsis
331 4228 413 4296 ipsis,
444 4225 554 4280 barbari
581 4225 715 4278 irruentes
741 4231 770 4277 et
798 4222 970 4278 Soterielrnrn
989 4228 1080 4297 ipsum
1100 4226 1264 4279 obtruncant
