3109 4950
341 328 462 389 XXXVI
540 374 543 381 ,
744 326 778 387 Β.
809 322 1001 387 VULCANll

341 480 382 541 tis
403 476 485 564 post*
498 476 660 541 mensibus
680 476 846 558 Agathiarn
866 477 938 537 ntS.
968 498 986 550 s
1009 472 1253 541 bibliothecario
1285 473 1415 537 domum

341 600 472 640 reverso
490 578 662 661 diligenter
683 576 861 658 quaesitum
885 595 1089 657 nequaquam
1109 593 1309 654 comparere,
1329 571 1417 654 quod

234 699 236 711 ’
331 677 518 759 ¹quidemst
535 696 586 738 me
604 684 635 737 el
650 674 722 737 illos
736 674 869 757 pessime
888 672 1016 734 habuit:
1038 672 1169 751 me,·ob
1187 692 1305 731 moram
1320 692 1416 753 quam
1446 689 1450 702 ¹

342 775 477 835 editioni.
503 796 582 836 vana
608 795 678 835 mea
700 794 755 857 spe
779 772 932 833 iniectam
954 770 1117 852 ridebam3
1149 769 1248 842 illos,
1275 770 1363 851 quod
1381 769 1415 829 in

340 872 534 934 bibliotheca
556 892 613 933 sua
630 892 727 953 quem
746 871 914 954 sperabant
932 868 1116 931 thesaurum
1133 888 1198 929 aon
1213 866 1415 950 reperissent.

340 972 408 1054 Ego
428 972 546 1052 itaque,
569 990 609 1031 ne
638 970 717 1031 mihi
744 969 812 1050 ipse
837 967 983 1050 longiore
1009 988 1097 1028 mora
1121 966 1301 1042 officerem,
1333 975 1436 1041 neve'
1551 935 1552 988 l

339 1068 437 1151 (quod
466 1069 498 1129 in
517 1067 631 1152 Cyrilli
651 1065 862 1129 Alexandrini
894 1065 983 1128 libris
1010 1067 1050 1129 de
1075 1063 1259 1127 adoratione
1295 1064 1329 1125 iu
1350 1062 1417 1143 spi.

337 1168 404 1243 ritu
422 1175 454 1227 et
471 1166 623 1244 veritate,
646 1174 678 1227 et
697 1165 730 1225 in
753 1163 901 1226 Concilio
914 1164 1078 1247 Ephesino
1093 1183 1229 1247 graeco,
1256 1162 1318 1223 iam
1330 1159 1416 1221 seci-

268 1249 274 1264 ἱ
338 1264 404 1342 dit,
429 1272 462 1327 et
476 1284 588 1326 vereor
606 1285 647 1326 ne
666 1264 761 1326 etiam
776 1264 809 1322 in
826 1263 967 1326 Nicaeae
994 1284 1107 1344 graeco
1128 1262 1268 1337 accidat)
1284 1260 1324 1321 ab
1343 1259 1415 1321 aliis

337 1362 560 1445 praevenirer,
581 1362 726 1444 mihique
740 1371 772 1423 et
789 1361 879 1422 labor
897 1359 1000 1421 omnis
1019 1382 1125 1438 meus,
1158 1368 1191 1422 el
1210 1359 1312 1421 honos
1338 1355 1415 1439 qui·

337 1480 467 1543 cunque
486 1481 526 1523 cx
546 1460 607 1523 hac
620 1482 717 1522 arena
736 1458 854 1521 laboris
875 1459 970 1541 plena
987 1458 1163 1541 exspectari
1175 1466 1290 1541 potest,
1310 1454 1426 1519 relnti'
1551 1519 1552 1552 1

337 1582 355 1621 e
373 1560 516 1620 manibus
532 1558 727 1641 eriperetur:
751 1558 928 1617 editionem
950 1558 1069 1618 diutius
1089 1555 1315 1634 differendam,
1337 1554 1415 1615 dum

337 1647 531 1738 ἀντίγραφον
549 1655 683 1738 aliquod
704 1654 886 1731 offerretur,
907 1677 974 1750 non
996 1656 1106 1716 censui
1118 1655 1319 1738 ,praecipue
1339 1673 1414 1714 cum

336 1753 432 1833 plane
456 1748 515 1813 σὺν
543 1748 648 1835 ἀγαθῇ
664 1746 744 1836 τύχῃ
769 1752 940 1815 affulsisset
961 1752 1113 1835 Agathiae
1136 1752 1256 1835 pariter
1278 1750 1413 1814 etmihi

336 1850 623 1932 auspicalrsssmum
639 1850 721 1911 illud
740 1851 859 1911 lullum
875 1852 980 1922 sudus
1003 1873 1154 1934 magnus,
1176 1851 1324 1933 iuquam,
1354 1850 1412 1911 illc

335 1948 491 2030 Iosephus
507 1948 668 2033 Scaliger,
690 1949 820 2011 maxima
811 1949 894 2015 lul.
917 1950 1058 2013 Caesaris
1073 1952 1108 2016 F
1125 1972 1182 2032 qus
1173 1950 1274 2011 mihi
1285 1948 1412 2025 merito,

336 2045 461 2128 quoties
477 2047 594 2128 aliquis
620 2048 736 2131 dignus
754 2048 882 2109 vindice
907 2050 1011 2111 nodus
1028 2050 1184 2127 occurrit,
1206 2050 1267 2116 luit
1285 2043 1413 2129 ἀκριβε-

332 2138 453 2205 ordros
468 2136 663 2229 ἀντιγράφου
681 2142 776 2227 δίκην
801 2145 904 2208 Cuius
916 2147 1049 2228 quadem
1057 2148 1289 2229 optatissimus
1279 2169 1317 2210 ιιι
1326 2146 1412 2207 hanc

335 2243 540 2305 Academiam
565 2245 718 2306 adventus
742 2244 865 2305 utinam
895 2246 1029 2305 latinam
1041 2245 1194 2327 llgathiae
1209 2246 1274 2307 mei
1295 2245 1412 2308 editio·

335 2362 410 2404 nem
429 2341 667 2411 antevertissetl,
685 2342 865 2405 Plurimum
876 2344 962 2403 enim
982 2343 1071 2404 illius
1084 2343 1412 2425 literatorumprinci-

333 2440 383 2524 pis
403 2439 574 2502 iudiciuin
597 2440 678 2502 locis
700 2439 866 2503 nonnullis
878 2440 918 2500 de
939 2440 1057 2526 quibus
1069 2441 1266 2526 ambigebam
1282 2442 1411 2506 tribuis-

332 2559 407 2609 sem;
427 2537 652 2600 cuiunircrsus
672 2537 837 2598 doctorum
849 2540 1129 2602 consessuslibcns
1137 2541 1282 2624 assurgit
1294 2542 1410 2603 fasces·

331 2633 572 2717 quesubmittit.
598 2635 767 2716 Superest,
798 2636 933 2698 candide
958 2637 1076 2715 lector,
1098 2647 1135 2699 ut
1163 2661 1320 2721 operam
1306 2659 1410 2700 meam

291 2784 293 2789 ,
331 2753 426 2813 qnam
447 2730 558 2844 optimi
581 2731 678 2794 huius
693 2732 839 2795 authoris
854 2734 989 2795 editioni
1014 2736 1361 2820 interpretationique
1351 2759 1410 2798 sm·

330 2829 440 2912 pendi,
456 2799 706 2908 honiconsulas5
728 2841 760 2892 et
776 2853 850 2893 curu
875 2835 987 2916 apibus
1003 2835 1108 2917 potins
1122 2858 1149 2897 ιι
1140 2835 1273 2918 ‘'quid
1264 2857 1297 2895 m
1315 2857 1352 2897 ea
1367 2834 1409 2898 sit

330 2929 409 2990 honi
434 2929 602 3012 decerpas,
624 2952 720 3013 quam
740 2953 814 2992 oum
835 2933 957 2996 araneis
978 2934 1005 2997 si
1032 2935 1110 3016 quid
1134 2935 1241 2997 vitiosi
1263 2957 1407 3018 exsugas.

332 3027 546 3098 Accesserant
562 3029 722 3090 coronidis
747 3029 817 3092 vico
835 3030 988 3114 Agathino
1014 3035 1237 3116 epigrammata
1273 3026 1404 3115 &possm

312 3126 372 3202 ¹ab
402 3127 521 3188 illustri
541 3127 611 3189 viro
629 3126 765 3210 Iosepho
785 3129 947 3213 Scaligero
965 3132 1065 3194 latine
1087 3151 1195 3211 versa,
1223 3153 1329 3216 nsque
1351 3153 1407 3190 an·

329 3224 421 3286 tehac
441 3232 523 3300 (uuo
554 3234 647 3308 atque
677 3228 776 3290 altero
801 3236 948 3313 excepto)
973 3231 1055 3313 typis
1078 3230 1183 3309 edita,
1212 3253 1295 3314 quae
1317 3240 1405 3295 certa

329 3314 490 3384 iuventuti
512 3323 674 3407 φιλέλληιι
702 3325 798 3387 veluti
817 3349 921 3390 canon
940 3329 1071 3411 quidam
1091 3331 1187 3412 alque
1204 3351 1316 3392 norma
1330 3351 1405 3394 var·

322 3421 418 3483 ‘tuadi
441 3420 539 3482 latina
561 3423 601 3485 de
619 3425 739 3506 graecis
754 3447 822 3488 esse
837 3435 985 3508 possunt,
1092 3491 1096 3497 ,

449 3519 592 3602 Μορφῆς
609 3518 652 3594 ὦς
669 3518 820 3596 πλάσταις
839 3522 969 3586 κυάνεον
983 3525 1155 3610 βλέφαρον.

407 3618 459 3680 Tu
478 3619 573 3680 etism
596 3619 656 3698 his,
675 3621 760 3682 hone
778 3621 891 3700 lector,
909 3633 1001 3687 utere
1019 3635 1052 3687 et
1069 3627 1189 3705 fruere,
1210 3636 1297 3690 utet
1317 3649 1402 3690 non-

249 3715 251 3722 ’
326 3711 425 3780 nullis
453 3718 598 3781 eiusdem
631 3721 785 3803 agathiae
824 3722 1102 3804 epigrammatibus
1136 3748 1219 3810 quae
1258 3727 1403 3796 nobiliss.

324 3815 581 3901 clarissimusque
620 3820 670 3883 vir
702 3822 795 3880 Ianus
824 3822 933 3882 Douss
968 3824 1124 3887 Dominus
1153 3846 1171 3886 a
1196 3825 1401 3910 Noortwyck‚

318 3921 483 3992 ‘musageta
505 3925 623 3996 noster,
656 3919 772 3996 vertit,
794 3919 912 4000 quibus
935 3928 967 3981 te
990 3923 1139 3987 fraudare
1160 3924 1270 4003 nolui,
1292 3933 1325 3984 ut
1340 3945 1402 3988 nec
1522 3997 1527 4010 ,

324 4010 467 4076 nobiliss.
501 4015 780 4099 doctissimumque
804 4019 909 4082 virum
929 4020 1136 4088 Theodorum
1160 4025 1333 4088 Caeterum
1359 4046 1399 4087 eo

323 4113 466 4190 honore,
486 4116 576 4196 quod
597 4117 637 4178 de
654 4117 732 4178 locis
750 4118 902 4200 Agathiae
923 4122 1108 4201 nonnullis,
1128 4143 1265 4203 quorum
1284 4123 1393 4185 lectio·

324 4231 398 4278 nem
419 4213 451 4274 in
468 4214 567 4276 Snida
588 4215 709 4278 variare
729 4230 929 4300 compererat
945 4244 996 4283 me
1023 4243 1083 4305 per
1103 4221 1211 4284 literas
1227 4212 1398 4301 monuerit,
