3109 4950
544 319 783 389 PRAEFATIO.
1177 317 1223 372 11

151 489 313 574 αφηγητσ,
333 474 371 545 ori
383 475 480 562 μόνον
493 471 555 540 ὕπὸ
574 471 699 563 ἄνδρων
709 471 756 539 ἔτι
766 475 918 556 fiscinas
925 465 1031 552 τυχὸν,
1043 469 1230 548 μᾶλλονμὲν

152 577 273 648 οὖνκαὶ
285 583 347 645 τῶν
361 570 425 662 ἤδη
441 571 668 656 ἀποιχομένων,
689 570 745 636 καὶ
759 566 899 635 οὖδινὸτι
913 568 1046 652 παρήσω
1062 570 1125 632 τῶν
1136 565 1230 648 λόγον

153 680 258 757 ἄξι’ων.
305 675 470 760 Τοιγάρτοι
486 673 516 736 εἰ
528 677 583 736 κατ’
604 669 648 754 μη
665 669 814 756 πρότερον
830 669 863 742 ἒς
885 664 921 731 τὸ
941 663 1130 751 ξυγγράφειν
1151 686 1232 748 προ-

151 779 270 862 ἦγμαι,
291 769 313 858 ἢ
339 771 436 856 μόνον
460 773 494 848 ἐξ
522 763 593 834 ὅταν
611 763 775 842 Ἰονστῖνος
798 765 816 831 ὅ
840 767 910 840 νέος
933 763 991 847 την
1014 763 1231 846 ον’τοκριὶτορα
1287 782 1291 789 ’

135 877 308 960 ὅμωῆλθεν
333 867 454 956 ἀρχὴν,
478 864 700 933 Ἰοοστινιανοῦ
722 861 923 949 τεθνηκότος,
965 862 1033 925 ἀλλ’
1058 859 1153 942 ἔγωγε
1177 861 1264 924 soil)

152 973 207 1038 ἐπὶ
223 969 299 1046 τούς
322 965 466 1052 ἀνωτέρω
488 965 624 1051 χρόνους
644 959 907 1049 ἅναδραμοῦμαι,
938 963 994 1026 καὶ
1020 950 1232 1024 ‹intrarint›

150 1066 249 1159 ἑτέρην
264 1095 306 1159 τιρ
327 1069 535 1150 ἐκπεπόνηται
541 1116 551 1147 ,
570 1067 672 1128 ταῦτα
694 1064 729 1126 δὲ
745 1064 858 1126 οἰκεῖον
875 1060 1046 1144 ποιήσομαι
1063 1057 1163 1144 ἔργον.
1191 1053 1233 1121 τὰ

150 1165 282 1252 μὲνγὰρ
297 1175 427 1232 πλεῖστα
441 1169 506 1230 τοῖν
514 1160 592 1228 κατὰ
600 1159 674 1240 τούς
686 1162 913 1228 Ἰοοστινιανοῦ
922 1158 1060 1245 χρόνους
1071 1156 1234 1240 γεγενημέ-

151 1293 226 1349 νων,
249 1264 356 1348 ἐπειδὴ
369 1267 540 1352 Προκοπίηι
556 1264 597 1350 τῷ
612 1261 723 1348 ῥήτορι
736 1262 779 1347 τῷ
794 1261 1033 1344 Καισαρείαθεν
1046 1261 1079 1332 ἐς
1096 1254 1133 1320 τὸ
1145 1256 1234 1340 ἄκρι-

113 1370 207 1451 ιοβὲς
218 1368 463 1450 ἀναγέγραπται,
476 1363 628 1448 παριτέον
646 1363 746 1424 ἐκεῖνα
761 1358 875 1441 ἔμοιγε,
893 1352 949 1421 ἅτε
967 1356 1005 1442 δὴ
1026 1351 1259 1438 ἀποχρώντωςΧ

151 1466 313 1550 εἰρημένα·
335 1461 376 1524 τὰ
391 1462 426 1524 di
447 1467 515 1543 μετ’
533 1461 665 1540 ἐκεῖνον,
695 1453 737 1534 ὥς
758 1451 884 1538 οἷόντε,
905 1457 1061 1534 διιξιτὲον.
1080 1451 1290 1538 προοίμιαΡ.8

149 1564 213 1644 μὲν
228 1559 291 1645 γὰρ
309 1559 393 1647 αὐτῷ
404 1561 457 1642 τῆς
476 1557 615 1644 ἱστορίας
635 1552 804 1642 'Apuanos
828 1553 981 1636 ἄποβιούς
1007 1549 1158 1635 ἐποιήθη,
1179 1550 1292 1614 xciv-8

149 1662 198 1745 τῷ
225 1660 342 1722 ἐκεινου
371 1657 462 1720 παιδὶ
492 1654 649 1744 Θεοδοσίιρ
673 1651 897 1740 Ἰσδτγέρδηςὸ
920 1655 1059 1738 Περσῶν
1083 1645 1233 1734 descissis

152 1755 295 1842 κηδεμών
311 1759 528 1841 γεγενημένος,
548 1755 587 1819 τά
606 1779 640 1818 τε
666 1751 859 1841 Οὔαραράνη
879 1751 934 1816 καί
956 1750 1085 1838 Περόζη
1109 1753 1233 1825 ξυνενε-

114 1857 284 1938 ιὸχθὲντα,
305 1854 358 1919 καὶ
372 1849 457 1931 ὅπως
474 1854 629 1938 Καβοὶδης
646 1850 795 1936 βασιλεύς
813 1849 970 1926 καταστὰς
988 1848 1151 1939 ἀφῄρηται
1172 1845 1231 1931 την

150 1953 254 2036 ἀρχὴν
275 1955 327 2017 καὶ
345 1949 409 2017 εἶτα
426 1954 543 2018 θᾶττον
568 1951 669 2037 strip
692 1953 916 2035 ἀνεκομίσατο,
945 1945 1029 2025 ὅπως
1066 1940 1264 2030 τενΑμιδαΒ

151 2046 219 2136 ἥλω
246 2049 325 2136 πρὸς
347 2047 466 2132 αὐτοῦ,
490 2052 703 2117 Ἀναστασίον
720 2042 893 2131 Ῥωμαίων
919 2047 1156 2132 βασιλεύοντος,
1184 2051 1240 2111 καὶ

151 2145 246 2224 ὅσους
265 2143 360 2224 αὖθις
383 2153 453 2230 μετ’
473 2152 588 2215 ἐκεῖνον
604 2145 771 2225 Ἰουστϊνος
795 2144 1005 2233 ὂπρτσβύτης
1028 2150 1062 2212 ἐν
1085 2147 1165 2232 τῷδε
1193 2146 1238 2232 τῷ
1274 2171 1280 2180 ·

150 2245 232 2337 ἔργῳ
261 2250 419 2326 διεδέξατο
456 2247 580 2324 πόνους.
618 2245 687 2332 ἑξῆς
717 2250 751 2312 δὲ
778 2245 853 2323 τούς
878 2243 1059 2333 Περσικούς
1081 2247 1238 2324 πολέμους

110 2345 266 2416 notariam
280 2345 317 2431 δη
334 2345 413 2432 πρός
427 2373 460 2412 τε
473 2349 629 2432 Καβοὶδην
639 2352 692 2411 καί
701 2345 847 2432 Χοσρόην
858 2346 945 2432 ἀμφὶ
954 2343 1074 2430 Συρίαν
1090 2342 1146 2406 καὶ
1159 2341 1238 2426 Ἀρ·-

222 2467 248 2505 a.
267 2443 320 2501 οὖν
338 2449 432 2502 addidi
453 2467 487 2501 er
504 2451 532 2500 R.
596 2449 620 2516 4.
639 2447 796 2506 Ἰοοστῑνος
812 2448 828 2501 δ
847 2449 927 2510 νέος,
945 2448 1028 2516 Intpr.
1044 2448 1165 2501 Iustinus
1179 2447 1237 2514 ipss

223 2531 250 2573 et
266 2520 369 2571 iunior.
378 2522 454 2573 Fort.
471 2509 554 2576 οὗτος
568 2519 583 2573 d
599 2521 669 2577 νέος.
723 2536 748 2587 7.
760 2518 844 2590 ἑτέρω
858 2533 887 2569 τε
903 2522 932 2570 tt.
984 2537 1009 2586 9.
1023 2519 1059 2586 τῷ
1074 2526 1137 2569 aute
1150 2519 1236 2567 Καισ.

221 2590 370 2641 addenti.
428 2592 467 2643 13.
486 2592 548 2641 Post
563 2588 704 2658 Θεοδοσίῳ
721 2588 781 2641 add.
796 2592 879 2657 intpn
896 2601 924 2641 et
935 2592 1045 2659 imperii
1056 2586 1238 2658 procuratio-

222 2678 293 2721 nem,
312 2661 433 2717 scibant
453 2658 485 2729 τῇ
501 2661 637 2727 βασιλείᾳ.
691 2657 863 2727 Ἰσδιγέρδης
876 2662 917 2723 lt,
933 2658 1037 2726 Ἰσδηγ.
1049 2659 1121 2727 vulg.
1195 2660 1236 2721 riq.

225 2730 392 2801 Οὐαραρανη
414 2730 458 2793 Ν.,
477 2728 641 2801 Οιλαραβιὶνη
659 2732 698 2794 Β.,
720 2727 851 2801 Οοάράνη
868 2728 940 2800 vulg.
1014 2730 1052 2781 16.
1069 2723 1192 2799 Ἀαιδον
1205 2730 1239 2788 lb,

149 2823 242 2893 sequi.
278 2824 424 2893 Persequar
452 2831 544 2876 autem
566 2840 748 2894 quaecunque
771 2822 962 2875 memorabilia
991 2831 1047 2875 tam
1071 2842 1087 2875 a
1111 2822 1238 2873 Romanis

151 2910 238 2964 quam
253 2892 374 2945 barbaris
387 2896 511 2962 plurimis
526 2894 578 2947 hac
592 2900 753 2962 tempestate
770 2902 836 2945 sunt
852 2902 936 2962 gesta,
953 2911 1010 2945 non
1023 2910 1117 2944 eorum
1130 2900 1239 2944 tantum

152 2966 202 3033 qui
216 2962 307 3014 adhue
319 2964 431 3015 sortasse
449 2966 553 3027 vivunt,
573 2965 655 3016 immo
673 2980 737 3014 vero
752 2964 836 3031 magis
853 2965 935 3015 etiam
949 2980 1042 3015 eoram
1054 2964 1102 3031 qui
1117 2964 1172 3012 iam
1187 2960 1238 3013 de-

152 3042 306 3099 cesserunt;
327 3033 453 3104 nihilque
472 3034 573 3095 exiis,
593 3052 663 3104 quae
678 3043 830 3085 memoratu
854 3033 937 3102 digna
955 3032 1137 3086 videbuntur.
1154 3033 1238 3082 omit·

151 3111 218 3160 tam.
249 3103 385 3171 Quocirca
400 3106 509 3157 tametsi
526 3122 581 3155 nou
597 3106 673 3173 prius
690 3104 725 3156 ad
737 3102 910 3155 scribendam
920 3104 1062 3156 historiam
1069 3119 1113 3153 me
1124 3101 1239 3163 centuli,

153 3190 235 3243 quam
246 3190 280 3223 ex
290 3191 344 3242 quo
353 3183 475 3242 tempore
487 3176 607 3227 Iustinus
619 3176 711 3225 iunior
721 3173 756 3225 ad
765 3174 912 3243 imperium
926 3174 1051 3232 accessit,
1071 3178 1177 3221 mortuo
1190 3171 1239 3221 Iu-

152 3244 272 3293 stiniano
289 3265 294 3293 :
315 3243 350 3294 ad
366 3246 506 3313 superiora
525 3252 615 3295 tamen
626 3244 708 3295 etiarn
720 3252 844 3309 tempora
854 3260 1002 3306 recurram3
1021 3249 1049 3292 et
1059 3257 1239 3311 quaecunque

153 3329 169 3362 a
188 3314 297 3364 nemine
324 3312 413 3364 adhuc
433 3315 488 3365 alio
505 3322 569 3365 sunt
585 3312 733 3375 elaborata,
765 3313 834 3363 mihi
855 3312 1016 3374 vindicabo,
1044 3312 1239 3382 propriumque

152 3398 222 3449 opus
234 3382 357 3433 efficiam.
379 3384 509 3454 Pleraque
520 3384 592 3435 enim
603 3384 749 3434 Iustiniani
759 3383 928 3452 temporibus
938 3391 1012 3451 gesta
1026 3397 1085 3432 cum
1094 3382 1239 3449 Procopius

152 3450 336 3503 Caesariensis
363 3453 455 3507 rhetor
480 3462 603 3505 accurate
623 3454 829 3523 conscripserit,
856 3451 924 3501 mihi
941 3452 1140 3522 praetereunda
1161 3450 1239 3501 iudi-

150 3521 228 3583 cavi,
247 3531 277 3571 ut
298 3522 380 3590 plene
401 3526 465 3575 satis
488 3530 619 3588 tractata;
638 3540 706 3594 quae
725 3540 791 3575 vero
814 3522 974 3591 postillam
993 3522 1163 3582 acciderunt,
1188 3537 1239 3589 pro

148 3590 227 3640 virili
244 3594 443 3663 persequenda.
483 3595 565 3646 Orsus
585 3593 657 3645 enim
675 3600 716 3645 est
732 3594 781 3645 iile
795 3593 936 3645 historiam
952 3610 1030 3644 suam
1049 3611 1064 3643 a
1083 3599 1170 3641 morte
1187 3590 1239 3641 Ar-

150 3660 239 3721 cadii,
265 3670 351 3731 utque
372 3664 429 3715 filio
448 3664 523 3716 illius
546 3662 702 3717 Theodosio
733 3663 884 3720 isdiaerdes
914 3671 990 3715 tutor
1018 3662 1101 3713 fuerit
1126 3661 1239 3711 institu-

149 3736 209 3791 tus,
237 3738 265 3781 et
283 3731 317 3781 ab
339 3734 373 3784 iis
393 3752 463 3804 quae
482 3734 636 3785 Vararanae
655 3743 683 3785 et
699 3736 814 3786 Perozae
826 3725 1006 3797 ¹acciderunt,
1036 3742 1064 3783 et
1081 3747 1136 3801 quo
1155 3738 1236 3799 pacto

150 3798 278 3851 cabades
300 3818 347 3853 rex
373 3813 477 3856 creatus
500 3822 581 3873 regno
601 3812 698 3855 exutus
722 3805 807 3856 fuerit
827 3805 955 3875 idemque
978 3810 1073 3871 postea
1094 3816 1238 3869 recupera-

150 3869 199 3931 rit,
229 3878 317 3939 utque
339 3872 464 3925 Amidam
482 3875 535 3941 ipsi
555 3874 696 3925 Anastasio
713 3876 895 3927 Romanorum
912 3876 969 3942 regi
987 3872 1131 3939 eripuerit3
1149 3889 1239 3941 quan-

150 3944 190 3989 tos
217 3957 312 3991 rursus
334 3953 398 4010 post
419 3942 493 3993 hunc
511 3946 632 3994 Iustinus
652 3945 742 3995 senior
761 3944 829 3996 huic
851 3946 926 4014 operi
942 3942 1048 3994 labores
1066 3940 1240 4009 impenderit.

150 4008 329 4079 Persequitur
338 4011 439 4065 deinde
451 4012 525 4065 bella
538 4014 653 4077 Persica,
674 4024 810 4085 quotquot
824 4014 952 4065 adversus
964 4010 1099 4063 Cabadem
1114 4020 1141 4063 et
1151 4011 1239 4062 Chos-

150 4083 225 4129 roem
245 4081 317 4131 circa
337 4082 442 4148 Syriam
459 4082 669 4152 Armeniamque
699 4092 727 4135 et
747 4102 797 4151 per
814 4084 945 4134 Lazorum
970 4083 1086 4133 confinia
1107 4081 1238 4133 Iustinia-

150 4162 200 4199 nus
228 4150 412 4203 Rornanorum
434 4156 591 4222 imperator
617 4152 705 4219 gessit.
742 4154 816 4205 Haec
836 4156 928 4205 omnia
952 4172 967 4206 e
989 4154 1111 4222 Procopii
1130 4152 1236 4219 scriptis

154 4220 255 4285 optime
281 4221 457 4289 cognoveris,
487 4232 517 4276 et
542 4222 663 4277 Gelimer
684 4220 851 4287 Vandaiunr,
877 4224 1120 4297 Carthaginemqoe
1142 4220 1238 4273 urbem
