3109 4950
485 274 768 401 οιοτοοελοοοτ
798 340 839 400 n.
859 308 911 409 2'7.
1176 274 1258 429 τιή

265 418 276 455 ι

177 490 284 577 nicee)
304 486 362 573 οδκ
387 482 434 553 ἔτι
455 484 570 568 δμοίως
593 488 803 565 ἀντιτιθέντες
833 484 906 565 roric
925 488 1062 575 χρδνοος
1082 488 1320 575 διευκρινή-μο,
1337 510 1390 579 554

177 610 293 671 σανιο,
315 588 387 651 δέον
404 580 488 651 circo
507 594 618 651 ποιεῖν.
648 588 720 669 ἐμοί
734 589 769 653 δὲ
787 586 823 652 τὸ
841 583 968 672 ἀκριβὲς
987 585 1044 651 καί
1056 586 1174 651 τούτων
1187 590 1260 674 πέρι
1269 586 1288 636 1,
1303 583 1322 634 l
1337 584 1371 635 ‘³⁸

177 680 435 753 inattenuata
460 684 524 748 τῶν
545 682 631 770 παρὰ
656 684 767 772 σφίσιν
790 686 1064 771 ἐγγεγραμμένων,
1099 685 1155 751 καί
1172 681 1262 768 οἶμαι

177 788 216 872 τῇ
230 783 374 871 παροίσῃ
392 783 555 871 ξυγγραφῇ
571 782 658 864 μάλα
676 781 844 869 προσήκειν
860 784 1005 850 ἁπάντων
1023 774 1265 869 ἐπιμνησθῆναι·

160 887 233 963 5καί
243 887 350 948 τοίνυν
364 878 484 967 προϊῶν
502 879 731 967 ἐπιμνήσομαι,
750 882 845 969 ήνίκα
861 878 903 949 δν
916 886 984 949 δεῖν
998 885 1149 968 οἰηθειήκ,
1170 886 1200 949 εἰ
1211 885 1267 949 καί

181 981 339 1063 ὀνομάτων
361 981 482 1043 πολλῶν
507 976 700 1046 καὶτούτων
720 983 924 1066 βαρβαρικῶν
948 975 1027 1045 oiim
1054 978 1142 1067 δήτι
1163 984 1267 1065 ψιλῶς

181 1078 369 1162 καταλόγους
382 1081 545 1141 ποιεῖσθαι
574 1076 695 1162 δεήσει,
716 1082 771 1143 καί
784 1082 883 1143 ταῦτα
907 1079 997 1145 ένίαν
1021 1078 1157 1145 οὖδενότι
1178 1075 1217 1159 ci}
1250 1116 1268 1130 -

181 1170 319 1269 ρήγητον
338 1178 562 1263 εἰργασμένων·
597 1180 799 1243 τοσοῦτονδὲ
822 1179 918 1260 μόνον
936 1177 1017 1267 πρδς
1038 1176 1073 1245 ιδ
1099 1176 1201 1264 παρὸν
1222 1174 1268 1242 εἴ·

180 1300 271 1360 ποιμα
296 1268 336 1342 ῶν
372 1276 429 1339 τοῦ
450 1278 570 1361 σαφοῦς
599 1300 634 1360 γε
653 1277 740 1341 ἕκατι
759 1279 814 1341 καί
830 1280 863 1354 ἒς
880 1284 1011 1343 πλεῖστα
1025 1275 1202 1363 χρησίμου,
1223 1272 1293 1351 cicc

144 1376 271 1441 ιοέννέα
294 1398 328 1439 τε
351 1370 405 1438 καί
422 1375 498 1439 δέκα
512 1373 568 1439 καί
584 1375 663 1460 πρός
683 1398 719 1458 γε
737 1373 910 1461 τριακόσιοι
927 1379 1069 1442 ἐνιαυτοί
1080 1376 1268 1439 τελευτῶσιν

180 1476 214 1551 ἐς
224 1472 269 1537 ‘ssi
286 1475 425 1553 πέμπτον
442 1496 478 1536 τε
501 1476 557 1537 καί
571 1469 712 1539 εἰκοστὸν
728 1471 799 1550 ἔτος
812 1476 867 1560 τῆς
881 1472 1028 1561 Χωρίου
1044 1471 1155 1538 τούτου
1175 1476 1268 1556 βασι·-

180 1575 276 1647 λείας.
304 1574 379 1635 καθ’
403 1566 437 1635 ὃν
460 1569 499 1656 δή
515 1568 631 1658 χρόνον
648 1575 682 1637 οἳ
700 1594 735 1636 τε
757 1575 793 1637 έν
810 1574 848 1660 τῇ
869 1574 1008 1657 Κολχίδι
1022 1572 1112 1659 χῶρρ
1136 1568 1267 1652 πόλεμοι

182 1670 381 1754 διεφέροντο,
402 1673 459 1737 καί
482 1668 537 1735 τὸν
554 1666 746 1757 Μερμερόην
761 1670 936 1755 οἷκοβιῶναι
952 1673 1139 1755 ξυνηνέχθη.
1159 1670 1269 1753 διήνο-

181 1788 237 1833 στο
255 1770 289 1831 δὲ
312 1758 375 1851 ἄρα
395 1769 429 1833 ἐν
445 1770 491 1856 τῷ
510 1766 598 1852 τότε,
624 1764 834 1858 Ἰουστινιανῷ
852 1774 983 1855 βασιλεῖ
995 1766 1072 1836 inssi
1096 1792 1132 1833 τε
1152 1768 1207 1834 καί
1221 1762 1268 1833 εἴ·
1363 1827 1365 1834 .

144 1858 270 1937 ιόκοσιν
286 1860 339 1948 ἔτη
362 1860 529 1947 Ῥωμαίων
546 1870 722 1956 κρατοῦντι,
1034 1868 1039 1873 ’
1195 1882 1198 1887 ’

256 2016 280 2067 7.
308 1997 500 2069 δεισήήγήται
523 2001 555 2059 n.
660 2002 684 2055 8.
708 2002 849 2055 τοσοῦτον
875 2004 915 2066 Β,
931 2005 1051 2056 τοσοῦτο
1063 2002 1137 2075 vulg.
1229 2019 1270 2059 ιο.

253 2070 336 2123 ἐννέα
367 2083 398 2119 τε
432 2072 481 2121 καὶ
510 2068 578 2123 δέκα
609 2070 658 2135 n..
681 2072 882 2126 ἐννεακαίδεκα
896 2074 968 2143 vulp.
1005 2102 1042 2116 -
1068 2074 1173 2146 Papius
1202 2072 1269 2125 crte

255 2142 286 2193 in
305 2142 404 2194 aaron.
427 2140 545 2193 Annales
575 2142 607 2195 Τ.
626 2144 658 2193 Π.
687 2160 715 2212 p.
736 2145 797 2197 602.
831 2142 858 2195 h.
882 2144 900 2195 l.
931 2160 1033 2195 aoneun
1064 2145 1100 2196 ab
1140 2144 1268 2195 instituto

254 2227 335 2279 regno
364 2211 469 2261 Persico
494 2228 555 2262 cum
576 2212 723 2265 Iustiniani
751 2223 779 2266 et
801 2211 929 2265 Chosrois
956 2212 1036 2265 annis
1060 2231 1116 2266 non
1138 2212 1269 2265 conveni-

187 2330 193 2347 ,
254 2298 284 2333 re
311 2279 382 2332 bene
408 2280 553 2332 intellexit
598 2270 653 2334 Sed
682 2282 755 2335 idem
783 2300 868 2355 quum
892 2282 1051 2335 Mermerois
1078 2290 1192 2335 mortem
1215 2299 1267 2334 en·

254 2368 290 2403 no
313 2368 339 2420 p.
356 2348 421 2405 Chr.
446 2366 474 2406 n.
493 2353 551 2405 552.
568 2354 695 2423 assignet,
722 2353 825 2424 quippe
842 2370 897 2423 quo
917 2370 989 2405 enno
1008 2354 1133 2421 Procopii
1150 2354 1271 2405 Persice«

254 2438 315 2473 rum
335 2437 425 2473 rorum
443 2419 557 2474 historia
573 2423 694 2488 desinet,
711 2440 806 2476 omnes
822 2440 948 2476 numeros
966 2422 996 2474 in
1015 2423 1077 2483 loeo
1097 2431 1190 2476 nostro
1209 2440 1270 2476 cor-

255 2501 349 2561 ruptos
369 2507 427 2543 esse
446 2501 553 2554 censet,
576 2501 605 2546 et
624 2497 682 2564 3²7·
701 2511 750 2564 pro
772 2497 801 2547 31
835 2531 843 2555 ,
866 2511 907 2547 nn.
923 2508 974 2564 pro
991 2495 1033 2546 οδ.
1053 2501 1082 2546 et
1099 2497 1140 2548 26.
1159 2511 1207 2564 pro
1227 2493 1270 2549 28.

255 2562 368 2614 rescribi
396 2560 481 2614 iubet
530 2563 632 2616 Verum
658 2567 667 2616 i
689 2582 718 2615 se
741 2565 795 2633 Aga
828 2566 869 2616 ias
890 2579 917 2632 p.
938 2563 979 2618 55.
997 2565 1025 2615 Β.
1061 2565 1166 2616 Persice
1182 2564 1271 2627 belle,

192 2643 194 2648 '
255 2649 319 2684 mox
342 2632 505 2695 enarranda,
529 2624 600 2685 κατὰ
624 2649 656 2686 το
678 2652 692 2692 ς
714 2630 821 2690 αδτοδς
849 2634 974 2707 χρόνους
999 2650 1061 2685 eum
1084 2633 1272 2704 superioribus

258 2701 286 2753 n.
306 2718 329 2754 e.
348 2719 409 2752 cnm
427 2703 533 2771 ingenti
549 2711 635 2756 terrae
653 2713 728 2757 motu
756 2706 879 2756 evenisse
900 2706 1059 2775 profitetnr3
1085 2704 1158 2756 hune
1181 2713 1273 2756 nutem

260 2789 331 2824 orno
353 2771 416 2826 Chr.
429 2774 488 2840 554.
508 2773 637 2826 eccidisse
656 2791 740 2846 quum
759 2782 818 2826 tote
834 2783 986 2844 temporem
1003 2776 1072 2827 ratio
1089 2777 1198 2840 evincit,
1213 2783 1273 2826 turn

259 2842 320 2910 ipse
336 2843 430 2910 Papius
447 2844 593 2896 Beronium
611 2846 747 2915 corrigens
784 2845 861 2899 sss.
878 2846 1007 2897 ostendit.
1043 2846 1078 2897 Et
1095 2845 1142 2897 hic
1159 2846 1273 2917 quidem

261 2928 347 2963 onnus
373 2912 445 2963 idem
462 2913 509 2964 ille
527 2923 576 2978 est,
596 2931 677 2984 quem
695 2862 824 2984 AgetHies
841 2913 867 2964 h.
885 2915 903 2965 l.
921 2913 1077 2967 nChosrois
1092 2917 1173 2967 initio
1190 2915 1269 2984 regni

259 2982 432 3052 proficiscens
449 2983 607 3036 vicesimum
620 2987 762 3054 quintum,
776 3002 792 3036 a
808 2984 950 3036 Iustiniani
965 2986 1123 3039 vicesimum
1143 2998 1274 3038 octavum

259 3069 319 3104 esse
337 3051 412 3104 dicte
448 3051 526 3104 Nihil
544 3055 627 3124 igitur
644 3057 673 3107 in
690 3054 734 3106 his
752 3053 920 3116 mutandum,
938 3054 986 3106 sed
1004 3063 1097 3123 aperte
1114 3054 1179 3104 huic
1202 3065 1273 3104 enno

261 3125 343 3175 etiem
367 3139 452 3175 onnus
478 3126 553 3192 regni
572 3126 672 3176 Persici
696 3124 937 3177 accommodandus
961 3131 1017 3187 est,
1042 3123 1116 3194 quod
1142 3123 1274 3174 facillime

259 3193 322 3256 fiet,
342 3193 366 3244 si
385 3209 435 3261 pro
456 3192 539 3246 ἐννέα
556 3208 586 3245 τε
603 3197 652 3246 καλ
670 3192 737 3246 δέκα
754 3195 938 3248 restituimus:
957 3193 1039 3244 ἐννέα
1057 3206 1088 3243 τε
1106 3195 1156 3244 καλ
1172 3194 1275 3258 εἴκασας

222 3269 226 3278 “
260 3263 313 3314 nisi
333 3263 404 3314 forte
423 3264 452 3314 in
470 3261 544 3314 hune
561 3281 679 3317 errorem
696 3267 754 3332 ipse
774 3263 901 3334 Agathino
918 3263 988 3314 male
1007 3262 1138 3315 ducendis
1160 3263 1278 3314 rationi·-

260 3332 312 3386 bus
324 3333 455 3386 inciderit
471 3333 573 3404 (adnot.
585 3335 676 3408 Clas).
697 3339 735 3390 ti·
752 3330 804 3389 τδν
815 3337 910 3405 Μερμ.
926 3335 967 3397 li„
984 3349 1010 3390 τ.
1027 3331 1083 3404 μὲν
1095 3336 1189 3404 Μερμ.
1203 3332 1275 3402 vulg.

195 3485 257 3523 eum
283 3471 405 3543 alioquin
430 3472 470 3524 ita
497 3471 587 3524 fecere
618 3473 793 3542 oportuisset.
836 3471 891 3540 Ego
914 3485 978 3522 vero
1000 3476 1136 3531 accurate,
1152 3484 1223 3539 quoe
1240 3465 1276 3519 de

193 3541 239 3592 his
257 3541 339 3592 etiem
359 3543 393 3594 ab
411 3542 476 3609 ipsis
502 3544 654 3612 conscripta
677 3551 748 3605 sunt,
775 3540 919 3610 recollegi3
948 3547 975 3591 et
990 3543 1127 3608 praesenti
1145 3538 1277 3589 historiae

193 3627 359 3680 magnopere
374 3611 526 3666 conducere
539 3597 657 3665 arffitror
674 3613 798 3664 omniurn
814 3611 979 3664 meminisse.
1016 3613 1047 3662 ln
1061 3625 1201 3680 progressu
1221 3609 1276 3659 itc-

194 3697 267 3752 qne,
286 3682 334 3734 ubi
349 3700 416 3753 opus
432 3683 491 3734 sore
508 3682 673 3746 iudicavere,
697 3682 727 3734 id
746 3682 862 3747 faciam3
889 3682 999 3733 metri
1015 3681 1101 3732 multe
1124 3677 1278 3730 nominare

195 3751 311 3822 quidem
328 3751 443 3806 barbaro
462 3753 559 3804 leviter
573 3761 680 3806 tentum
698 3769 840 3805 recensere
855 3751 1012 3820 oportebit;
1029 3748 1184 3820 etquidem
1206 3764 1278 3800 non·

195 3822 344 3885 nullorum,
352 3825 400 3894 qui
416 3821 489 3875 nihil
503 3832 653 3876 memoratu
670 3822 783 3892 (lignum
799 3829 945 3892 gesserunt
967 3821 1026 3872 Hoc
1037 3826 1144 3870 unium
1157 3818 1187 3868 in
1196 3833 1278 3886 prae-

196 3891 285 3944 sentia
299 3892 368 3946 lueis
385 3892 570 3963 utilitatisque
585 3893 620 3946 nd
632 3893 750 3961 plurime
768 3909 849 3944 eausa
864 3890 972 3952 dicam,
999 3887 1173 3957 undeviginti
1198 3904 1278 3957 supra

195 3969 334 4015 trecentos
343 3980 428 4016 annos
436 3964 578 4015 terminari
594 3972 677 4034 atque
690 3962 815 4014 desinere
826 3962 857 4012 in
866 3960 1026 4030 vigesimum
1039 3959 1167 4029 quintum
1176 3973 1278 4008 annum

195 4031 306 4102 imperii
321 4032 404 4086 huius
422 4032 566 4097 Chosrois3
584 4049 637 4103 quo
652 4033 712 4100 ipso
728 4039 850 4098 tempore
863 4038 902 4081 ‘et
919 4029 995 4080 bella
1009 4029 1039 4078 in
1052 4027 1181 4082 Colchica
1195 4027 1281 4079 ‹litio-

195 4117 233 4152 ne
247 4103 391 4172 vigebant,
410 4111 439 4154 ct
456 4103 635 4154 Mermeroem
651 4107 765 4153 mortem
778 4099 856 4150 obire
871 4099 995 4168 contigit.
1031 4099 1198 4152 lastinianus
1216 4111 1280 4148 vero

197 4171 347 4240 imperator
363 4181 422 4226 tum
435 4171 567 4240 temporis
584 4170 745 4242 vigesimum
761 4175 886 4226 oetam
907 4183 1019 4235 mum,
1031 4185 1065 4224 ex
1087 4187 1143 4242 qno
1154 4163 1282 4220 Romanis

199 4239 361 4314 imperares,
379 4249 530 4316 peregerat.
