3109 4950
335 342 416 418 ao‘o
767 356 977 426 AGlTssllE

1247 482 1259 503 ,

184 536 213 589 Α,
236 536 264 587 c,
280 538 330 590 555
341 540 400 579 νοιν
421 512 542 602 τραχύν
564 538 632 580 τινα
651 516 704 578 καί
714 502 822 599 όγριον
837 508 917 597 ἦχον
930 515 1027 599 ἐφίει.
1049 514 1160 578 αύτίκα
1177 513 1214 577 di
1225 510 1299 587 τούς
1316 503 1416 597 ἐπερ-

231 609 391 683 Ῑ·Ῑ·99θεν
417 611 553 689 ἑστῶτας
572 613 819 694 ἀποσεισάμενος
842 617 1011 694 κατέβαλε,
1054 611 1109 676 καί
1134 610 1318 696 ε’μπατῆσας
1349 612 1416 676 dse-

332 720 471 801 φθειρεν.
491 711 598 777 ἔπειτα
617 714 652 777 dd
675 711 730 777 καί
744 706 868 775 ἅπαντα
886 709 941 775 τόν
957 709 1119 797 Περσικόν
1135 706 1244 792 ύμιλον
1259 707 1414 789 ἐνεσύβει,

329 810 402 887 τούς
423 835 457 875 τε
491 813 604 885 ἵππους
633 808 846 893 α’ναχαιτίζισν
874 805 921 885 οἷς
953 804 993 894 όν
1021 810 1221 890 ἐμπελάσειε,
1255 805 1312 872 καί
1347 817 1413 887 τοῖς
1534 877 1535 880 ¹

301 905 441 985 nisiados
464 907 499 973 τὸ
517 909 676 991 ἐπιφαύσν
700 906 942 991 ύιατεμνόμενος
957 906 1012 972 κατ’
1029 904 1267 993 ἀναχαράσσειν.
1300 903 1355 969 καί
1369 900 1433 989 dud
1534 925 1535 988 l

333 1004 458 1072 ἅπαντα
485 1002 669 1093 ὀλοφυρμοῦ
689 1005 829 1071 ἐνύπλεα
851 1005 908 1076 καί
921 1004 1077 1091 θορύβων.
1099 1004 1129 1069 οἱ
1151 1002 1292 1090 μὲνγὰρ
1320 1006 1411 1067 ἵπποι
1534 1003 1535 1008 ’

331 1106 371 1191 τῇ
390 1104 579 1190 χαλεπότητι
598 1109 655 1169 τού
670 1106 784 1191 θηρίου
797 1106 998 1190 ἐπτοημένοι,
1019 1099 1057 1167 ού
1074 1096 1160 1187 μύλα
1178 1113 1244 1178 τοῖς
1262 1103 1413 1190 ῥυτῆρσιν

333 1206 493 1270 ἐπείθοντο
502 1228 514 1285 ,’
538 1200 617 1268 ἀλλὰ
637 1202 694 1279 τὰς
714 1204 926 1290 ἐμπροσθίους
950 1206 1189 1289 μετεωρίζοντες
1205 1202 1320 1285 όπλύς,
1347 1205 1413 1280 iis-

332 1302 438 1371 κύλιον
453 1303 530 1378 τούς
547 1305 712 1389 ἐλατῆρας,
735 1298 819 1367 odeo
836 1326 869 1366 τε
883 1296 1000 1366 ἄτακτα
1019 1299 1072 1367 διό
1087 1305 1143 1367 τού
1165 1302 1306 1385 πλήθους
1323 1300 1412 1385 ἐξῆλ-

330 1408 426 1481 λοντο,
447 1404 671 1477 πνευστιῶντες
689 1398 779 1482 θαμό
799 1400 855 1465 καί
871 1396 1132 1487 φριμασσύμενοι.
1154 1402 1217 1465 τοῖν
1234 1402 1268 1465 δὲ
1288 1401 1450 1489 α’νύροῖνιο

331 1502 364 1576 ἐς
390 1496 523 1575 ἑαυτούς
546 1496 795 1587 ἀναχωρούντων
802 1552 812 1582 ,
846 1497 992 1565 ἁπάντων
1008 1524 1042 1564 τε
1066 1500 1235 1565 ὠθούντων
1260 1494 1413 1583 ἀλλήλους
1534 1485 1535 1562 l

333 1598 388 1672 καί
410 1601 748 1684 παραγκωνιζσμέυων,
779 1598 834 1662 καί
856 1595 987 1669 ἑκάστου
1017 1601 1208 1685 προτερῆσαι
1231 1597 1286 1663 τόν
1315 1600 1413 1674 πέλας
1534 1573 1535 1648 ό

333 1700 544 1782 ἐπειγομένου,
567 1705 706 1769 ,πλεῖστοι
722 1694 791 1763 ὅσοι
808 1701 976 1763 ἐκτείνοντο
991 1697 1052 1769 tut
1068 1700 1169 1784 σφιόν,
1185 1706 1251 1773 τοῖς
1263 1702 1324 1761 τιύν
1339 1704 1412 1784 φιλ·

331 1799 436 1861 τύτων
449 1821 484 1861 τε
504 1795 560 1863 καί
576 1795 746 1882 ὁμοφύλων
762 1795 867 1883 ξίφεσι
884 1797 1125 1883 περιπταίοντες,
1138 1791 1221 1861 ούτοο
1236 1799 1272 1862 δὲ
1287 1798 1342 1881 τῆς
1354 1822 1412 1861 τα-

302 1898 429 1981 Ορσιχῆς
444 1895 576 1979 ἐπιμέγα
601 1894 725 1981 ἐούσης,
752 1895 782 1959 οἱ
796 1896 964 1978 Ῥωμαῖοι,
984 1894 1092 1961 όπόσοι
1107 1918 1143 1959 τε
1161 1887 1222 1980 ῆδη
1240 1895 1450 1977 ἐτύγχανσνιό

327 1992 520 2076 ύπεκβύυτες
539 1996 595 2057 τοῦ
618 1992 786 2079 περιβόλου
807 1993 863 2057 καί
885 1992 919 2060 εί
937 2018 998 2059 που
1019 2018 1052 2058 τι
1073 1990 1176 2063 αότοῖν
1193 1991 1281 2057 ἐνύον
1298 1995 1411 2057 testar-

250 2164 254 2179 Ι
321 2114 403 2174 τετυ,
436 2091 507 2157 τότε
524 2090 562 2177 dp*
583 2088 720 2171 ἅπαντες
740 2096 774 2169 ἐς
790 2092 869 2175 μίοιν
887 2092 958 2159 τινὰ
976 2092 1123 2181 φάλαγγα
1139 2094 1411 2177 συσπειραθέντες,

327 2191 384 2260 καί
401 2187 437 2255 τό
453 2194 597 2273 μέτωπον
613 2191 658 2267 oie
676 2190 898 2278 καρτερώτατα
913 2202 983 2267 ταῖς
997 2191 1111 2256 α’σπίσι
1129 2189 1332 2277 φραξάμενοι,
1354 2190 1411 2270 ἐμ·

327 2291 478 2354 πίπτουσι
501 2290 739 2373 ξυγκεχυμέυοις
758 2288 808 2355 ἔτι
823 2297 887 2366 τοῖς
903 2293 1070 2371 πολεμίοις.
1093 2287 1123 2353 οἱ
1143 2291 1179 2355 δὲ
1197 2290 1240 2375 τῷ
1254 2279 1315 2372 ῆύη
1334 2285 1411 2372 προ-

327 2392 531 2474 ιιεπονηκέναι
553 2386 611 2474 τῆν
629 2386 808 2476 προσβολὴν
823 2383 880 2451 ούκ
903 2384 1092 2471 ἐνεγκόντες,
1122 2384 1265 2453 ὠκύτατα
1284 2384 1452 2469 ἔφυγοναο

311 2483 402 2564 'udde
422 2494 513 2554 τούτο
531 2490 663 2572 δρῶντες
679 2491 714 2553 ἐν
735 2486 836 2568 τάξει,
866 2487 942 2551 ούύὲ
963 2481 1042 2552 ὥστε
1067 2486 1123 2552 καί
1137 2483 1317 2568 σῖμύνεσθοιι
1336 2482 1410 2561 τούς

320 2627 323 2632 ·
397 2605 604 2676 depositione
624 2605 742 2677 (punctis
762 2605 813 2656 sub
831 2620 874 2673 αμ
899 2605 1029 2677 subditis)
1047 2608 1075 2661 lt.
1182 2605 1208 2657 6.
1226 2603 1360 2676 θορύβων
1378 2606 1409 2656 ll.

393 2677 522 2748 θορύβου
539 2677 608 2746 τοὶς,
697 2679 721 2728 8.
740 2675 804 2728 όπλ.
820 2689 880 2746 μετ.
900 2678 930 2729 Β.
1020 2680 1059 2730 ιι.
1074 2674 1211 2730 dusinus
1226 2676 1284 2730 τῶν
1301 2677 1341 2739 tt,
1359 2672 1409 2727 sed

396 2759 516 2802 carme.
588 2745 737 2815 quicom.
759 2748 788 2803 R,

326 2847 437 2920 quidem
457 2851 543 2900 instar
571 2849 671 2918 flagelli
694 2847 748 2904 hue
766 2850 834 2902 illuc
853 2858 999 2922 torquens,
1017 2852 1117 2905 multos
1136 2853 1275 2905 Persarum
1297 2866 1408 2920 percus-

325 2923 362 2972 sit
381 2927 409 2970 ct
427 2921 456 2970 in
474 2920 559 2970 altum
576 2921 658 2984 iecit3
679 2936 751 2970 nuno
770 2938 834 2972 vero
853 2923 966 2976 eandem
984 2924 1014 2973 in
1036 2923 1147 2991 longum
1175 2921 1326 2985 extendens
1344 2921 1409 2972 bor-

325 2989 441 3048 rendum
469 2989 606 3059 quendam
637 2997 718 3059 atque
744 2991 889 3042 immanem
926 2992 1057 3047 barritum
1090 2992 1217 3058 edebat3
1244 3007 1307 3043 mox
1344 3006 1407 3041 veru

325 3061 408 3112 etium
431 3077 511 3128 super
529 3065 557 3111 se
576 3068 677 3112 stantes
700 3076 825 3112 excussos
847 3064 992 3130 prostravit
1021 3071 1049 3112 et
1072 3065 1244 3131 proculcatus
1270 3062 1405 3124 extinxit3

324 3139 411 3194 totum
432 3128 532 3181 deinde
552 3133 700 3186 exercitum
718 3131 853 3182 Persicum
870 3127 1051 3195 conturbavit,
1070 3149 1154 3201 equos
1173 3134 1264 3196 etiam,
1287 3131 1322 3182 ad
1340 3146 1407 3201 quos
1456 3160 1459 3164 -

323 3201 436 3270 propius
455 3201 609 3263 accedebat,
628 3205 742 3253 effrenes
762 3203 858 3252 erectis
880 3219 914 3254 ue
933 3203 1006 3257 iubis
1024 3205 1179 3255 restitantes
1201 3201 1356 3264 reddebat3
1378 3206 1407 3251 et

325 3287 393 3340 quos
411 3279 563 3339 prensasset
580 3270 708 3322 dentibus
726 3221 919 3340 proscindddsat
943 3291 974 3324 ac
992 3272 1170 3340 discerpebat.
1188 3274 1289 3324 'Erant
1312 3274 1406 3340 itaque

325 3341 416 3392 omnia
436 3341 538 3392 eiulatu
556 3349 584 3392 et
601 3343 719 3392 tumultu
738 3343 829 3410 plena.
865 3345 936 3413 Equi
953 3343 1026 3395 enim
1044 3343 1147 3394 ferocia
1163 3343 1271 3395 belluae
1291 3357 1407 3410 expave·
1494 3353 1499 3360 ·

324 3411 407 3474 facti,
425 3409 540 3462 habenis
559 3429 614 3463 uon
633 3411 778 3482 admodum
799 3411 940 3469 audientes
958 3419 1050 3475 erant,
1074 3413 1122 3464 sed
1146 3411 1329 3465 anterioribus
1353 3427 1406 3462 un-

326 3481 396 3550 gulis
415 3481 445 3532 in
465 3483 548 3532 altum
567 3481 645 3532 elatis
668 3497 784 3533 sessores
804 3483 982 3548 evolvebant3
1013 3491 1095 3553 atque
1115 3484 1154 3534 ita
1174 3484 1333 3534 turbulente
1358 3497 1408 3549 per

323 3550 444 3603 medium
466 3568 560 3620 agmen
582 3551 737 3602 saltabundi
757 3552 929 3615 ferebantur,
948 3553 1106 3605 anhelantes
1124 3552 1302 3623 crebrumque
1325 3552 1407 3620 spiri-

324 3630 383 3672 tum
402 3620 512 3674 naribus
531 3619 660 3671 efflantes.
697 3623 769 3673 Vlris
790 3631 881 3674 autem
896 3625 927 3675 in
944 3625 1057 3692 seipsos
1072 3623 1200 3685 reflexis,
1222 3622 1405 3690 omnibusque

325 3707 382 3748 sese
401 3701 496 3743 mutuo
520 3688 726 3758 impellentibus
747 3691 895 3761 cubitoque
912 3692 1160 3761 protendentibus,
1185 3701 1214 3744 et
1236 3707 1404 3762 unoquoque

323 3759 443 3811 vicinum
462 3773 539 3813 suum
558 3768 726 3812 antevertere
744 3761 951 3824 contendente,
979 3765 1172 3832 quamplurimi
1198 3781 1213 3814 a
1236 3766 1292 3816 suis
1318 3764 1404 3812 inter·

324 3829 507 3897 delebantur,
526 3834 555 3884 in
582 3831 805 3884 amicissimorum
833 3840 861 3882 st
875 3833 1049 3901 popularium
1069 3852 1180 3886 suorum
1195 3851 1278 3886 enses
1299 3831 1404 3901 impin-.

325 3906 427 3966 gentes.
459 3900 527 3953 Cum
545 3903 636 3972 itaque
652 3900 785 3952 turnultus
804 3908 832 3953 et
854 3903 1025 3971 perturbatio
1050 3903 1226 3957 vehementer
1250 3906 1305 3956 iam
1326 3904 1402 3953 invar-¹

323 3967 436 4030 luisset,
455 3973 567 4023 llomani
585 3979 720 4043 quotquot
742 3980 822 4027 antea
838 3989 915 4025 muro
934 3974 1146 4038 egressionem,
1169 3983 1198 4026 et
1215 3976 1238 4026 sl
1261 3974 1309 4045 qui
1332 3973 1403 4022 forts

323 4039 398 4088 lutus
419 4051 586 4104 manserant,
613 4043 732 4094 universi
755 4045 786 4094 in
805 4060 889 4094 unum
910 4061 1005 4114 agmen
1029 4045 1240 4114 conglomerati,
1262 4051 1291 4094 et
1313 4044 1402 4093 fronte

323 4108 393 4164 aciei
414 4125 493 4178 quam
512 4112 678 4166 validissime
700 4114 783 4164 scutis
804 4117 985 4176 communita,
1012 4114 1041 4165 in
1063 4114 1154 4166 hostes
1170 4117 1210 4165 ita
1226 4114 1315 4165 adhuc
1333 4129 1400 4162 con-

323 4179 397 4231 fusos
416 4179 539 4244 irruunt3
557 4184 622 4250 qui,
647 4191 678 4234 ut
697 4185 852 4251 praeteritis
875 4184 1014 4236 laboribus
1040 4185 1206 4253 defatigati,
1233 4203 1294 4235 cum
1313 4186 1401 4247 irnpe-

311 4255 381 4310 ''tusu
406 4250 539 4312 sustinere
562 4268 617 4308 nou
642 4263 773 4332 possent,
798 4253 927 4314 citissime
952 4256 1100 4332 fugerunt5
1123 4263 1153 4316 st
1178 4271 1213 4312 ne
1236 4254 1266 4316 ill
1289 4251 1400 4333 quidet!
