3109 4950
450 301 768 379 msnonunuu
782 309 862 372 un.
1138 283 1222 371 -281

141 456 355 544 παράφρονας
376 455 504 522 ύιιύτού
522 455 612 535 δέους
630 463 862 545 γεγενημένους,
879 459 984 554 ῥᾷστα·
995 459 1292 548 διεχειριῖοντο,Α,(;,
1306 487 1354 559 ⁵⁵7

150 556 205 622 sel
225 558 400 637 δοσχιλιόυς
419 559 479 636 μὲν
500 555 607 621 cdxciv
631 554 836 648 ύτιεκιύνασι,
862 559 952 628 τὸδὲ
976 560 1152 643 λειπόμενον
1171 554 1252 626 cil-1·
1263 559 1282 608 ¹·
1294 561 1324 614 3¹

148 663 201 732 λος
220 648 332 720 ἄλλοθι
350 652 580 720 ἑσκεδύννυντσ.
620 650 703 719 ούτω
719 659 755 720 δὲ
778 653 839 724 circi
864 661 974 748 κράτος
991 655 1074 724 ἅπαν
1087 657 1123 724 τὸ
1141 660 1227 742 γένος

147 751 271 840 ᾑρηκώς
289 752 307 818 δ
326 751 508 839 Θεόδωρος,
539 752 558 816 δ
578 756 615 818 δὲ
629 759 760 836 βασιλεῖ
771 755 923 842 διήγγειλε
941 757 981 824 τύ
997 763 1227 841 ξυνενεχθέντα,

120 856 203 918 ..5καί
215 853 457 932 ἀνεπυνθάνετο,
476 846 505 934 δ,
523 850 625 916 τικαύ
638 854 784 936 βούλοιτο
802 857 856 922 εἰιί
868 856 996 934 τούτοις.
1019 853 1087 922 cidi
1107 860 1227 938 δασμο-

147 951 264 1040 φσρίαν
283 947 391 1027 αύτοῖς
406 954 563 1016 ἐπιθεῖναι
578 949 693 1035 τακτὴν
710 954 925 1021 διακελεύεται
948 955 998 1022 ἀν’
1007 959 1137 1020 ἕκαστον
1155 951 1225 1032 ἔτος

138 1053 180 1126 ἐς
196 1049 252 1116 τὸν
266 1047 383 1117 ἔπειτα,
393 1049 507 1135 χρόνον
524 1054 792 1137 τελεσθησομέυην
801 1105 811 1134 ,
831 1055 875 1130 ὥς
888 1058 923 1120 ἔν
943 1054 1041 1142 ταύτῃ
1060 1056 1136 1137 γούν
1152 1055 1250 1122 δια-Β

135 1156 247 1232 γνοῖεν
267 1149 439 1234 κατηκόους
465 1149 553 1234 σφᾶς
572 1143 654 1214 εἶναι
694 1155 750 1217 καί
777 1151 937 1230 ὑποτελεῖς
968 1155 1023 1218 καί
1044 1153 1225 1217 παντάπασι

140 1252 408 1330 δεδουλωμένους.
442 1247 501 1313 κατ’
522 1249 627 1314 τοίνυν
658 1243 858 1337 ἇυύγραπτού
874 1277 908 1336 γε
939 1253 1054 1318 αύτύια
1074 1251 1225 1335 ἐγίγνοντο

98 1337 301 1428 σώσαντες,
327 1344 382 1410 καὶ
393 1344 494 1432 φόρου
518 1346 668 1434 ἀπαγωγῇ
687 1351 855 1428 ἐπιέζοντο·
883 1355 916 1430 ἐξ
936 1350 1055 1420 ἐκείνου
1075 1373 1110 1412 τε
1126 1352 1224 1434 μέχρι

146 1450 201 1512 καὶ
216 1448 275 1510 νύν
296 1438 376 1508 otto
400 1443 460 1520 τοὶς
484 1443 636 1531 εἰσφορὰς
661 1438 787 1531 ἄγοντες
805 1449 992 1515 διατελοῦσι.
1032 1451 1164 1531 βασιλέα
1188 1449 1225 1512 δὲ

139 1542 359 1613 ’Ἷουοτινιανδν
374 1537 482 1630 οδσπερ
494 1569 536 1626 τι,
556 1540 724 1627 οἷμαι,τῶν
739 1546 894 1631 μεγιστων
909 1546 1008 1634 ἔργων
1026 1546 1112 1628 μύλα
1130 1539 1224 1633 ἤρεσε

137 1643 181 1710 ’τύ
202 1645 409 1728 γεγενημένον.
431 1644 591 1728 τοιγάρτοι
608 1641 643 1710 ἔν
665 1670 729 1710 τινι
744 1649 809 1712 τῶν
830 1647 951 1712 οἰκείων
972 1646 1092 1728 νόμιον,
1113 1643 1168 1720 ούς
1183 1644 1222 1729 δὴ

135 1742 272 1829 ’νεαρούς
297 1738 547 1824 ἐπονομάζομεν,
567 1743 623 1819 τὰς
641 1734 738 1820 ἄλλος
761 1744 1041 1832 δυαριθμούμενος
1057 1745 1144 1820 νίκας
1170 1748 1225 1809 καὶ
1301 1739 1315 1778 ”

97 1841 235 1912 *strowe
262 1845 322 1906 τού
343 1841 456 1918 ἔθνους
479 1842 514 1925 ἓν
538 1848 605 1918 τοϊς
628 1841 768 1924 μάλιστα
790 1845 981 1930 ἐπεμνήσθη.
1022 1843 1140 1926 τὰμὲν
1164 1834 1222 1909 ούν

141 1943 196 2025 τῆς
225 1941 393 2024 Τζαννινῆς
417 1940 603 2019 ύλαζονειας
624 1933 689 2006 ὧδέ
713 1967 780 2023 ταις
806 1941 969 2024 ἐτελεύτα,
1006 1941 1062 2009 κατ’
1089 1935 1221 2018 addici

143 2037 305 2125 Θεόδωρος
326 2033 386 2104 ist
401 2035 458 2123 τὴν
473 2039 537 2104 ταῖν
556 2040 676 2120 Λαζῶν
692 2038 805 2128 χώραν
826 2039 913 2128 παρύ
929 2041 1003 2118 τούς
1026 2041 1220 2129 στρατηγούς

136 2139 283 2225 ἐπανῆκε.
540 2137 543 2140 ’
956 2171 958 2175 ·

222 2234 258 2322 γ’.
305 2235 427 2303 Τούτων
452 2241 489 2303 δὲ
509 2226 555 2302 ού
568 2239 670 2327 πολλῷ
687 2235 865 2325 ἔμπροσθεν
884 2239 980 2306 πάλιν
999 2244 1034 2306 ἐν
1054 2239 1243 2328 Βυζαντύρρ
1303 2268 1306 2276 ·

95 2338 278 2416 αοέξαύσιύν
292 2361 324 2400 τι
337 2339 468 2418 σεισμοῦ
481 2340 593 2424 χρῆμα
610 2340 789 2424 ἐνέσκηψεν,
812 2339 986 2424 εύςμικρού
1006 2334 1218 2404 δασσανύνα-

138 2437 319 2524 τετράφθαι
336 2435 393 2502 καί
407 2437 599 2524 διαρρυῆναι
612 2435 668 2523 τὴν
685 2434 788 2503 πόλιν.
803 2439 908 2523 γέγονε
922 2441 983 2519 μὲν
999 2434 1058 2521 γὰρ
1077 2436 1132 2501 κατ’
1144 2438 1221 2502 καθ’

138 2533 234 2600 αύτὸν
244 2539 391 2619 μέγιστος
406 2535 527 2621 ἡλίκος,
548 2537 602 2602 καί
616 2535 728 2620 ὁποῖος,
750 2532 850 2620 οἶμαι,
866 2534 1030 2603 ούπιύποτε
1057 2536 1219 2623 πρότερον,

139 2638 179 2721 τῇ
200 2658 233 2699 τε
250 2633 422 2720 τραχύτητι
444 2640 500 2701 τού
521 2638 667 2723 βρασμοῦ
686 2635 742 2703 καί
759 2638 803 2727 regi
818 2635 941 2727 μονύμιρ
962 2639 1020 2701 τού
1042 2636 1151 2701 σάλου.
1171 2634 1220 2699 ἔτι

137 2756 142 2763 ’
206 2772 230 2824 7.
251 2750 288 2807 δν
306 2754 391 2827 ταύτῃ
410 2764 438 2808 et
458 2748 663 2827 ταδιιαγωγιῖς
690 2756 751 2828 sph.
768 2758 824 2810 Par,
899 2774 939 2811 ιο.
958 2754 1076 2830 ἤρεσκεν
1097 2759 1126 2809 ll.
1179 2757 1216 2825 14.

208 2828 248 2877 Pr.
262 2824 331 2898 Nor.
355 2844 377 2879 r.
395 2837 424 2880 et
443 2830 485 2884 38.
558 2844 598 2896 ιγ.
619 2828 676 2882 τῶν
693 2827 754 2880 add
774 2846 808 2881 ex
826 2830 857 2883 R.

136 2963 203 3015 pem
221 2948 309 3017 sugam
327 2964 472 3016 capessere.
508 2948 623 2999 llomsni
640 2962 703 2997 vero
722 2963 768 2997 eos
786 2948 825 2998 ita
848 2947 983 3017 fugientes
1005 2956 1035 2999 et
1056 2964 1122 3015 prce
1145 2953 1220 2997 metu

136 3023 214 3068 extra
231 3035 260 3069 se
280 3017 476 3087 quodammodo
494 3019 616 3085 positos,
635 3017 765 3069 facillime
784 3016 972 3083 trucidarunt3
991 3026 1019 3068 et
1035 3015 1088 3069 duo
1109 3014 1221 3087 quidem

139 3104 232 3139 eorum
251 3089 339 3141 millia
355 3097 420 3140 suut
436 3105 530 3151 caesa,
557 3088 673 3158 reliqui,
689 3086 759 3137 alius
776 3087 849 3149 alio,
876 3095 940 3138 sunt
957 3086 1089 3155 dissipati.
1127 3084 1219 3136 Theo-

135 3156 219 3209 dorus
247 3161 349 3229 itaque,
377 3160 505 3213 universa
527 3166 607 3227 gente
634 3157 743 3218 domita,
770 3156 928 3225 Imperatori
957 3163 1116 3227 quaegesta
1138 3161 1216 3205 orent

137 3231 284 3292 nuntiavit,
302 3232 449 3300 simulque,
470 3228 540 3299 quid
556 3229 586 3279 in
605 3244 650 3279 eos
668 3228 753 3277 statui
763 3228 855 3289 vellet,
875 3226 1023 3285 sciscitatus
1039 3232 1086 3275 est
1123 3225 1148 3275 Is
1161 3240 1219 3275 cer·

138 3305 195 3348 tum
213 3301 253 3351 eis
271 3299 406 3351 tributum
424 3316 562 3361 anunm,
583 3298 657 3368 quod
675 3296 803 3364 deinceps
821 3296 990 3365 penderent,
1010 3295 1114 3363 imponi
1131 3294 1219 3359 iussit;

138 3376 171 3419 ut
195 3386 228 3419 es
259 3388 291 3421 eo
315 3370 522 3439 intelligerent,
548 3386 576 3419 se
594 3366 719 3420 subditos
737 3376 766 3419 et
786 3366 946 3419 tributarios
971 3382 1028 3417 esse
1055 3367 1219 3435 penitusque

136 3438 270 3492 subactos.
307 3440 457 3491 Confestim
479 3442 572 3508 itaque
597 3451 723 3490 recensus
746 3438 866 3490 omnium
889 3445 931 3489 est
952 3435 1080 3499 habitus,
1107 3443 1135 3487 et
1151 3450 1219 3485 onus

136 3507 274 3560 inferendi
293 3510 392 3561 tributi
410 3511 448 3561 eis
467 3510 642 3578 impositum,
665 3515 694 3559 et
711 3507 812 3559 exinde
830 3510 860 3559 in
878 3506 951 3559 hunc
969 3523 1055 3578 usque
1076 3507 1147 3558 diem
1166 3506 1220 3554 Ro-

135 3578 223 3626 manis
247 3585 311 3627 sunt
336 3581 486 3649 vectigales.
523 3579 675 3633 Iustiniano
700 3592 764 3630 vero
783 3577 940 3645 Imperatori
957 3578 1056 3629 facturn
1073 3574 1134 3636 hoc,
1155 3582 1218 3625 tan·
1248 3622 1252 3629 ,

135 3662 220 3715 quam
245 3663 278 3698 cx
299 3651 421 3701 maximis
444 3650 525 3716 rebus
552 3653 644 3721 gestis,
667 3649 746 3701 valde
774 3648 885 3718 placuit.
927 3648 1060 3717 Quocirca
1078 3646 1159 3696 etiam
1187 3644 1218 3695 in

135 3714 251 3784 quadam
271 3734 380 3768 suarum
406 3721 647 3784 constitutionum,
674 3738 741 3790 quas
759 3719 881 3771 novellas
899 3719 1083 3787 appellamus,
1094 3714 1159 3765 alias
1176 3713 1219 3763 vi-

133 3788 235 3837 ctorias
253 3803 411 3850 recensens,
429 3790 509 3842 huius
529 3795 613 3843 etiam
631 3793 717 3860 gentis
736 3792 810 3842 inter
826 3791 925 3857 primas
943 3786 1075 3839 meminit.
1111 3786 1218 3836 Zanno-

94 3868 101 3884 ⁴
134 3874 196 3907 rum
219 3857 313 3926 itaque
337 3866 462 3925 proterva
489 3862 634 3913 insolentia
658 3861 732 3912 hunc
757 3860 857 3911 habuit
872 3860 995 3919 exitum,
1014 3864 1042 3907 et
1060 3854 1218 3908 Theodorus

133 3943 185 3995 per
204 3926 329 3980 Lazicsm
345 3929 483 3996 regionem
507 3932 543 3982 ad
558 3931 709 4000 praefectos
729 3931 863 3982 exercitus
883 3927 974 3980 rediit.

203 3999 228 4049 3.
265 3997 327 4049 Nou
346 3999 435 4049 multo
451 4016 514 4051 vero
532 4009 613 4051 autea
631 4007 752 4066 tempore
771 4014 861 4050 rursus
879 3997 1001 4063 Byzantii
1022 4000 1116 4065 ingens
1132 4005 1217 4049 torrae

132 4071 224 4118 metus
241 4069 314 4132 fuit,
331 4068 400 4120 adeo
422 4077 453 4119 ut
476 4085 572 4137 parum
591 4070 718 4130 abfuerit,
740 4068 815 4137 quin‘
833 4075 891 4119 tota
916 4067 986 4125 urbs¹
1004 4068 1130 4119 subversa
1158 4084 1218 4121 corz

134 4137 228 4188 ruerit.
263 4140 331 4191 Nom
349 4146 378 4189 et
390 4154 440 4206 per
459 4154 488 4190 se
506 4138 640 4189 maximus
659 4138 712 4189 luit
729 4147 757 4189 et
771 4138 858 4207 qrrslis
872 4146 944 4201 cute,
963 4146 994 4189 ut
1012 4138 1137 4197 arbitror,
1156 4133 1219 4184 nul·

135 4205 198 4271 lus,
218 4227 281 4265 cum
298 4208 472 4264 vehementis
490 4209 687 4269 succussionis,
704 4216 762 4260 tum
785 4206 927 4261 elocutione
954 4209 1120 4277 agitationis5
1145 4204 1216 4255 mul-
