3109 4950
364 372 445 485 196
805 390 1015 461 sosanna

218 557 286 611 bc.
297 552 499 631 555πελάζειν
517 573 550 617 το
566 548 675 627 adroic.
689 550 724 615 ἐν
753 549 823 635 χρῷ
840 548 883 636 τῷ
906 544 1004 631 τείχει
1019 545 1065 612 osi>
1071 547 1158 630 μάλα
1174 549 1322 633 ἐφίεσαν,
1343 544 1471 630 βιοτά-,ῃ

246 632 308 719 i‘l·
320 655 449 737 ²9sepor
466 652 672 733 ἐνοχλοῦντες.
693 649 757 713 τῶν
778 649 816 712 δὲ
830 654 900 724 ταῖς
918 647 1050 730 ἀκάτοις,
1071 640 1149 735 ᾗπέρ
1165 669 1223 728 μοι
1233 638 1295 731 ἤδη
1313 644 1452 732 ἐρ’ῥὴθη,

272 764 307 821 v.
317 746 349 837 7'3
359 746 592 835 ἐφεστηκότων,
614 747 643 811 oi
659 748 719 829 μὲν
734 745 835 825 τόξοις
850 744 1011 832 χροόμενοι
1028 744 1190 823 πλείστους
1211 746 1368 825 ἐσίνοντο,
1389 740 1454 809 dte

337 840 489 921 Βάνωθεν
504 844 685 929 βάλλοντες,
708 842 788 937 οἶδὲ
805 848 869 909 τῶν
885 844 1040 929 μηχανῶν
1057 844 1292 928 δαημονέστστα
1304 838 1451 927 ἥπτοντο,

358 944 448 1009 τότε
468 940 630 1029 όπόπτερα
649 946 753 1009 ἐκεῖνα
769 940 808 1007 τά
831 941 887 1007 καί
903 944 936 1019 ἐς
956 945 1048 1007 τοῦτο
1070 942 1284 1023 ἐσκευασμένα
1305 938 1474 1026 δοράτια,5

359 1044 460 1129 πολλῇ
476 1040 532 1121 ‘gris
554 1042 672 1131 ἀνάγκη
701 1039 964 1123 ἐκτινασσόμενα,
1001 1041 1198 1105 ἐπιπλεϊστσν
1223 1039 1370 1125 ἐφέρετο,
1403 1037 1454 1113 τός

359 1130 414 1207 κατ’
428 1139 562 1218 πολλοός
577 1144 642 1206 τοῖν
656 1139 837 1227 βαρβάρων,
853 1135 1019 1226 πόρρωθεν
1034 1136 1080 1205 ἐτι
1093 1140 1331 1224 ἐπερχομένους,
1347 1138 1382 1201 ἐκ
1393 1139 1453 1201 τοῦ

358 1242 504 1327 ἀφανοῦς
523 1240 629 1317 αότοῖς
654 1243 760 1317 ἵπποις
787 1242 1049 1325 διαπερονάσθαι,
1080 1238 1136 1303 καὶ
1154 1237 1354 1303 κατατάττειν
1373 1238 1452 1314 ἐξα-

357 1341 498 1417 πιναίως.
524 1339 584 1424 βοή
607 1362 641 1403 τε
666 1340 800 1423 ἐπιμέγα
824 1340 955 1425 ἐπῆρτο,
983 1337 1039 1403 καὶ
1057 1336 1224 1422 σάλπιγγες
1250 1333 1451 1423 ἑκατέρωθεν

357 1436 596 1525 πολεμιστήριόν
616 1464 647 1503 τι
664 1444 760 1521 μέλος
778 1441 904 1525 ἐπῇδον.
934 1436 965 1502 οἱ
990 1440 1025 1503 δέ
1049 1441 1179 1523 Πέρσαι
1201 1435 1256 1501 καί
1275 1444 1341 1512 τοῖς
1360 1456 1485 1517 τυμ-ιο

358 1534 470 1613 πόνοις
483 1538 652 1620 ἐβόμβουν,
667 1540 722 1603 κατ’
731 1534 943 1623 σφοδρότερον
954 1536 1147 1621 ἐπηλάλαζον
1162 1533 1334 1619 ἐκπλήξεως
1345 1537 1450 1615 ἕνεκα,

359 1629 427 1699 ὅτε
443 1639 507 1700 taio
525 1638 628 1701 ἳππων
645 1634 852 1719 χρεμετισμός
878 1639 1012 1702 καὶτῶν
1036 1629 1207 1701 άσπέδωνό
1229 1636 1363 1718 πάταγος
1394 1632 1452 1697 καὶ

362 1731 397 1798 αἱ
420 1734 483 1799 τῶν
514 1734 670 1820 θωράκων
698 1733 881 1839 συντρέψεις
908 1736 1053 1819 παμμιγῆ
1073 1760 1144 1799 τινα
1171 1732 1226 1797 καὶ
1244 1725 1352 1818 άγριον
1371 1732 1452 1798 ἀνέ-

358 1838 470 1898 πλεκον
489 1826 576 1918 ἧχον.
611 1836 645 1899 ἐν
663 1834 761 1923 τούτῳ
782 1835 818 1897 δὲ
843 1834 1001 1923 Ἰουστίνῳ
1017 1836 1061 1923 τῷ
1075 1837 1106 1899 Γ
1104 1836 1242 1919 ερμανοό
1258 1834 1293 1897 ἐκ
1313 1834 1368 1897 rosi
1386 1832 1452 1895 νεῶ

269 1974 271 1981 ·
333 1930 514 2011 ce'nuvsivra
541 1934 748 2016 ξυναάτθησις
771 1930 907 2015 γιγνεται
930 1935 995 1996 sais
1018 1932 1187 2018 δρωμένων
1204 1932 1243 2018 τῇ
1258 1955 1291 1995 τε
1319 1931 1485 2015 ταραχῇιό

359 2028 472 2118 καὶτῷ
489 2029 604 2119 κτύπῳ.
634 2033 690 2094 καί
710 2028 827 2095 αάτέκα
841 2030 916 2107 τοός
938 2030 1022 2117 ἀμφ’
1045 2026 1141 2095 αότόν
1163 2027 1297 2103 ἱππότας
1311 2031 1451 2113 συστρέ-

358 2148 441 2212 ψας,
463 2132 518 2193 κατ’
535 2131 568 2205 ἐς
585 2126 671 2205 τόξον
696 2127 768 2193 τινά
791 2132 826 2194 ἐν
841 2129 946 2218 κόσμῳ
969 2128 1247 2213 καταστησάμενος,
1274 2128 1367 2192 τότε
1390 2151 1452 2211 ση-

358 2236 433 2312 μεῖα
457 2230 490 2305 ἐς
512 2223 595 2310 όψος
620 2229 760 2315 ἀρθῆναι
777 2229 919 2309 ἐκέλευε,
950 2232 1005 2294 καί
1023 2225 1164 2303 ἅπαντας
1185 2225 1317 2309 ἔχεσθαι
1341 2222 1452 2309 ἔργου,

359 2323 584 2410 γιγνώσκοντας
613 2323 656 2403 τός
679 2327 736 2391 οὐκ
760 2322 852 2391 ἀθεεὶ
876 2325 988 2410 ἔτυχον
1010 2330 1065 2391 τοῖ’
1088 2318 1197 2401 ἀστεος
1216 2323 1451 2409 ἐξεληλυθότες,

362 2425 430 2490 ἀλλ’
454 2422 506 2512 ἐφ’
532 2417 557 2516 ᾧ·
576 2428 762 2504 δεδέξοσάαι
783 2424 856 2503 τοός
872 2430 1040 2507 πολεμίους
1058 2428 1102 2516 τῳ
1122 2420 1362 2511 ἀπροσδοκήτῳ,
1393 2421 1485 2491 naiso

362 2523 521 2618 ἀπελάσαι
537 2527 593 2607 τῆς
611 2529 799 2610 πολιορκίας.
820 2526 864 2600 ὦς
881 2528 916 2588 δὲ
929 2522 1035 2610 βραχύ
1048 2551 1080 2588 τι
1107 2524 1312 2608 προελθόντες
1339 2531 1450 2585 κατεῖ-

365 2625 420 2688 δον
437 2621 512 2697 rode
534 2624 665 2708 Πέρσας
688 2625 883 2706 ἐγκειμένους
902 2627 945 2710 τῷ
962 2622 1134 2710 περιβόλῳ),
1168 2621 1236 2687 τότε
1262 2619 1301 2707 δη
1324 2621 1450 2708 ἀθρόον

439 2775 460 2808 r.
479 2753 627 2813 αάτοόςΒ.
649 2758 677 2808 in
696 2775 746 2826 mg.
824 2759 851 2828 4,
871 2758 900 2810 οἱ
918 2757 1015 2824 obli,
1033 2760 1064 2812 ολ
1078 2773 1109 2812 τε
1126 2760 1196 2829 vulg.
1266 2750 1450 2828 φροὴντῆν

434 2828 464 2877 R.
482 2835 509 2876 et
528 2827 557 2876 in
575 2843 626 2895 mg.
646 2827 677 2880 δὲ
696 2824 756 2896 βοὴ.
846 2832 884 2882 13.
904 2835 1068 2900 συντρίψετε
1086 2833 1116 2883 R.
1137 2837 1165 2882 et
1181 2831 1265 2898 Intpr.
1277 2828 1450 2900 fracturae,

433 2896 576 2966 ἐκτρέψειε
592 2897 663 2967 vulg.
702 2899 740 2954 1¹5.
759 2901 892 2968 γίγνεται
909 2904 948 2966 R,
965 2906 1097 2971 γίγνηται
1116 2900 1201 2971 Lugd.
1218 2906 1248 2952 et
1265 2898 1307 2950 ed.
1324 2914 1377 2967 pr,
1398 2898 1452 2966 γέ-

434 2980 513 3020 νεται
530 2967 588 3021 Par.
664 2985 702 3039 ιφ
721 2966 834 3024 ἀθεῒλὶ.
880 2989 921 3025 20.
940 2972 986 3043 ἐφ’
1004 2969 1022 3024 δ
1038 2973 1066 3024 λλ.

363 3093 476 3158 nebant,
495 3095 610 3146 multum
633 3096 776 3148 molestiae
791 3086 930 3154 ae‘damni
951 3097 1109 3156 inferentes.
1143 3097 1242 3149 Eorum
1257 3113 1330 3158 vero,
1348 3094 1399 3165 qui
1417 3095 1449 3145 in

363 3165 491 3217 corbibus
513 3165 637 3229 stabant,
657 3175 738 3235 prout
749 3168 830 3219 modo
852 3169 926 3231 dixi,
945 3169 993 3220 alii
1015 3168 1127 3240 quidem
1145 3185 1173 3218 sa
1192 3168 1272 3230 ittis,
1293 3173 1390 3234 utpote
1413 3183 1448 3216 ex

363 3235 476 3288 sublimi
494 3235 596 3300 missis,
615 3237 842 3306 quamplurimos
857 3239 1020 3302 laedebant,
1051 3240 1098 3290 alii
1118 3186 1257 3289 marbinas
1278 3235 1447 3304 peritissime

361 3305 535 3368 tractabant,
563 3315 590 3358 et
612 3307 734 3375 pernicia
756 3307 890 3379 quaedam
912 3312 968 3361 tela
985 3326 1082 3378 magna
1101 3325 1161 3360 curn
1180 3308 1310 3359 violentia
1333 3323 1448 3358 excussa

361 3375 519 3444 longissime
539 3375 712 3440 serebantur,
730 3378 798 3430 adeo
814 3387 846 3430 ut
860 3381 943 3430 etiam
965 3381 1064 3432 multos
1084 3378 1213 3430 barbaros
1236 3376 1330 3446 procul
1354 3375 1447 3426 adhue

361 3445 428 3499 inde
440 3444 614 3498 advenientes
631 3463 665 3498 ex
676 3448 823 3516 improviso
842 3467 896 3500 una
911 3466 971 3500 oum
986 3449 1052 3517 ipsis
1070 3466 1085 3500 e
1106 3450 1147 3500 uis
1163 3448 1321 3500 traiicerent
1335 3445 1446 3498 subito-

362 3533 417 3588 que
429 3524 640 3585 prosternerent.
676 3518 746 3568 Tum
758 3520 853 3600 ingqns
871 3523 1002 3572 excitatus
1020 3529 1061 3570 est
1077 3467 1191 3581 ἀόρατον,
1207 3527 1236 3571 et
1248 3517 1331 3568 tubae
1344 3517 1448 3566 utrim-

310 3641 314 3650 ,
363 3603 417 3658 que
438 3584 565 3637 bellicam
581 3587 717 3657 quandam
734 3591 888 3642 cantionem
908 3592 965 3642 sive
983 3590 1125 3640 classicum
1143 3588 1312 3643 accinebant,
1348 3587 1446 3636 Persae

362 3673 426 3709 uero
440 3657 574 3725 tympanis
594 3659 818 3727 perstrepebant,
838 3668 866 3711 et
889 3661 1012 3729 ingentes
1036 3661 1156 3710 ululatus
1176 3659 1287 3712 terroris
1306 3655 1448 3708 excitandi

364 3744 443 3778 causa
460 3727 595 3792 edebant,
618 3745 750 3796 equorum
769 3729 853 3780 etiam
872 3729 1011 3794 hinnitus,
1044 3739 1181 3782 scutorum
1199 3732 1268 3782 ictus
1294 3735 1323 3779 et
1341 3727 1446 3777 lorica-

361 3813 421 3846 rum
438 3799 570 3850 fracturae
582 3798 776 3849 confusaneam
791 3801 926 3867 quendam
944 3809 1026 3870 atque
1043 3801 1186 3851 immanem
1206 3801 1326 3850 sonitum
1342 3796 1448 3848 misee-

361 3864 396 3917 ba
417 3875 437 3922 t.
465 3869 570 3920 Interea
589 3868 709 3920 Iustinus
729 3885 744 3919 e
761 3872 865 3938 templo
882 3882 1028 3933 revertens,
1046 3870 1113 3941 quid
1127 3871 1167 3922 rei
1182 3877 1319 3939 ageretur,
1335 3884 1368 3918 ex
1382 3875 1446 3918 tur-

361 3881 475 4016 buiento
499 3941 589 3991 sonitu
616 3939 786 4007 strepituque
810 3959 988 4010 cognoscens,
1014 3954 1141 3992 convorso
1157 3942 1247 3996 statim
1274 3938 1399 4008 equitatu
1419 3947 1448 3989 et
1523 4000 1524 4003 ρ

361 4021 391 4056 rn
409 4005 532 4058 ordinem
550 4009 676 4070 reducto,
706 4011 783 4078 signa
804 4010 936 4064 inultum
958 4012 1057 4064 tollere
1077 4012 1171 4073 iubet,
1194 4024 1342 4078 omnesque
1363 4009 1445 4075 operi
1523 4028 1524 4039 τ

361 4081 394 4126 ut
408 4091 436 4126 se
458 4077 599 4146 accingant
614 4079 707 4143 iubet,
728 4081 767 4132 ita
785 4098 875 4133 seeum
901 4091 1066 4144 statuentes,
1088 4100 1144 4133 non
1161 4081 1265 4151 absque
1280 4077 1368 4130 divini
1388 4094 1446 4128 nu-

362 4146 447 4198 minis
463 4155 531 4197 nutu
550 4146 651 4200 factum
674 4149 748 4220 quod
762 4150 864 4220 oppido
887 4155 1053 4216 exivissent”;
1084 4151 1133 4204 sed
1154 4160 1186 4203 ut
1204 4151 1348 4218 inopinata
1370 4147 1448 4198 irru-

362 4217 458 4284 ptione
483 4213 607 4270 hostibus
629 4227 731 4271 metum
750 4220 912 4285 iniicerent,
930 4232 959 4276 et
974 4223 1010 4274 ab
1028 4222 1182 4276 obsidione
1194 4219 1376 4291 profligarent.
1400 4218 1448 4269 Si-

363 4288 501 4364 mqlatqne
515 4303 578 4340 sero
597 4289 736 4356 paululum
754 4295 888 4362 progressi
903 4295 993 4346 Persas
1011 4296 1041 4346 in
1061 4308 1168 4348 murum
1188 4293 1320 4363 impeturn
1337 4288 1449 4342 facien-
