3109 4950
290 337 359 396 XVI
755 334 850 398 VITA
941 339 944 344 ’

291 511 358 554 esse
377 487 465 573 quod
483 489 636 554 historiae
651 511 729 574 opus
749 491 790 552 ad
811 492 911 552 linem·
926 512 989 552 non
1009 493 1050 554 sit
1064 492 1271 575 perductum,
1293 495 1366 560 tte·

295 589 558 666 nan'derinnuit,
588 591 731 651 oratione
746 611 823 656 usus
843 608 956 674 parans
972 575 1102 674 quidem
1119 603 1190 675 apta
1210 595 1275 672 23),
1307 596 1364 656 sed

288 709 403 772 pravae
417 687 674 770 interpretationi
690 688 822 750 minime
836 690 992 750 obnoxia:
1015 691 1111 752 modo
1128 692 1367 754 meminerimus

289 786 437 848 Chosrois
453 796 586 848 mortem
597 786 710 870 viginti
724 787 793 848 fere
811 787 903 848 annis
918 797 990 871 post
997 791 1182 850 Hunnorum
1196 791 1370 863 adventum

289 886 323 944 in
336 884 516 958 Thraciam,
539 884 594 944 nbi
608 884 715 966 quinti
730 885 808 946 libri
823 887 960 946 narratio
969 888 1178 969 abrumpitur,
1200 889 1365 954 accidisse.

289 987 336 1046 Ao
345 1005 385 1044 ne
397 982 469 1064 quis
482 983 563 1043 forte
576 984 752 1071 suspicetur
761 985 799 1046 ad
818 984 1000 1046 molestiora
1014 982 1139 1068 negotia
1155 987 1308 1064 delatum,
1320 996 1367 1047 at·

291 1101 354 1165 qne
365 1081 407 1141 ita
419 1081 576 1164 otioquod
592 1082 743 1145 historiae
759 1084 945 1146 scribendae
955 1085 1113 1146 tribueret
1122 1085 1276 1167 privatum
1285 1082 1367 1162 e'sse,

290 1181 323 1241 in
342 1180 455 1241 eodem
469 1180 552 1241 ritae
564 1201 681 1263 genere
694 1183 904 1265 permansisse
919 1184 970 1247 rel
986 1185 1177 1266 cognomine
1191 1191 1271 1245 teste
1284 1205 1370 1243 com·
1402 1205 1413 1222 ³

289 1287 415 1362 pentum
425 1287 481 1340 est.
511 1279 583 1357 Quo
601 1294 753 1343 concesso
768 1283 840 1364 quis
855 1283 965 1344 credat
979 1284 1047 1343 lieri
1065 1283 1204 1366 potuisse
1219 1293 1255 1342 ut
1268 1303 1369 1365 spon-

290 1388 322 1438 te
344 1378 504 1438 omitteret
531 1386 651 1461 gratum
677 1380 818 1442 laborem
845 1405 862 1440 a
891 1402 956 1464 quo
985 1382 1071 1441 omni
1088 1381 1128 1441 'ri
1151 1391 1246 1463 atque
1268 1381 1368 1441 unice

282 1476 515 1560 persequendo
546 1478 680 1558 negotiis
706 1481 885 1542 forensibus
904 1501 937 1542 se
965 1479 1114 1541 distineri
1130 1481 1279 1562 queritur
1296 1479 1371 1554 lit?

291 1597 373 1659 quse
385 1586 490 1637 tamen
506 1579 666 1638 cumulate
684 1578 791 1640 offerri
800 1580 877 1642 alias
889 1578 1074 1641 laetandum
1085 1578 1145 1640 sibi
1162 1599 1230 1639 esse
1240 1578 1368 1653 fatetur,

291 1693 332 1736 ne
347 1674 458 1756 inopis
473 1684 643 1757 prematur.
672 1678 772 1740 Nemo
793 1688 898 1739 tamen
920 1676 1000 1738 hinc
1017 1675 1369 1758 concludatAgathiam

294 1773 569 1834 annumerandum
586 1793 653 1835 esse
668 1775 854 1836 infelicibus
871 1775 935 1838 illis
956 1776 1028 1858 qui,
1041 1797 1083 1836 ne
1098 1777 1182 1834 fame
1197 1778 1373 1847 vexentur,

291 1895 308 1932 a
329 1871 443 1932 litteris
455 1873 608 1933 recedere
626 1874 726 1934 coacti
750 1884 834 1935 sunt.
854 1875 932 1935 Nam
945 1874 1002 1934 illa
1019 1883 1086 1933 crat
1103 1872 1370 1934 scholasticorum

292 1970 442 2032 condicio
456 1978 617 2031 uteorum
631 1971 758 2032 avaritia
768 1971 891 2055 legibus
901 1980 983 2035 esset
995 1971 1242 2055 compescenda:
1262 1989 1369 2050 neque

291 2069 462 2132 clientibus
488 2071 626 2131 caruisse
648 2071 815 2133 credemus
837 2071 942 2133 virum
965 2072 1022 2153 qui
1047 2068 1165 2152 insigni
1197 2067 1369 2129 facundiae

291 2167 392 2252 gloria
408 2177 440 2228 et
466 2167 559 2230 virus
580 2178 612 2229 et
635 2177 859 2252 postmortem
887 2169 1008 2230 floruit.
1049 2169 1180 2249 ltaque,
1202 2167 1264 2227 nisi
1282 2167 1371 2226 lusus

292 2275 340 2330 est
359 2266 468 2328 istade
486 2285 543 2328 sua
560 2277 643 2328 sorte
663 2269 807 2350 querela,
829 2269 894 2330 illis
906 2266 1123 2329 accensendus
1143 2265 1203 2326 erit
1218 2263 1371 2346 Agathias

291 2366 359 2448 qui,
373 2365 432 2427 nisi
447 2365 619 2427 admodum
635 2367 720 2427 laute
731 2367 988 2447 viverelaliisque
998 2363 1105 2444 largiri
1123 2372 1372 2446 possunt,egere

291 2463 352 2525 silii
373 2463 531 2525 videntur.
568 2465 660 2543 Quae
683 2463 812 2545 quidem
831 2463 942 2545 opinio
959 2462 1184 2546 epigrammate
1199 2461 1373 2523 confirma-

289 2572 423 2644 turquo
443 2561 510 2639 ille,
532 2570 624 2642 pater
643 2562 754 2645 oppidi
776 2561 891 2639 dictus,
915 2564 947 2621 in
974 2561 1150 2645 municipio
1174 2582 1230 2621 suo
1250 2560 1370 2636 locum,

291 2667 385 2721 antea
408 2658 575 2721 obscoenis
604 2660 816 2722 immunditiis
841 2662 974 2723 foedum
1003 2671 1099 2743 atque
1135 2658 1368 2733 detestabilem,

292 2778 465 2841 purgasse,
488 2767 583 2840 atque
602 2759 741 2841 eleganti
758 2758 924 2839 aedilicio,
947 2762 1056 2821 nescio
1077 2782 1153 2841 quo,
1170 2777 1300 2819 ornasse
1318 2756 1370 2818 di·

292 2857 376 2917 citur
392 2857 447 2934 ²⁵).
488 2855 562 2915 Alia
579 2858 711 2919 fortasse
731 2867 894 2941 praeterea
916 2860 1041 2942 pietatis
1060 2859 1166 2920 officia
1185 2858 1217 2917 in
1236 2856 1371 2939 patriam

293 2954 450 3016 contulit:
472 2976 554 3036 quae
566 2976 639 3041 nou
655 2958 762 3019 miuus
781 2966 914 3041 propter
929 2957 1012 3018 hanc
1027 2958 1177 3018 virtutem
1188 2976 1284 3036 quam
1300 2952 1370 3013 elo·

292 3052 443 3137 quentiae
461 3074 575 3133 causa,
597 3076 671 3116 eum
694 3076 767 3118 cum
788 3066 877 3139 patre
892 3057 1079 3118 Memnonio
1097 3065 1129 3117 et
1146 3056 1246 3115 fratre
1272 3060 1373 3113 statua

294 3152 419 3212 ornarit
434 3148 497 3231 26);
519 3154 611 3215 cuins
626 3154 769 3233 honoris,
782 3176 882 3238 qunm
903 3156 981 3216 olim
999 3155 1110 3216 fnisset
1120 3149 1372 3236 uulgatissimas,

293 3250 351 3310 illo
363 3258 515 3334 tempore,
531 3254 564 3313 in
578 3254 719 3338 privatos
728 3254 848 3333 collati,
861 3254 915 3316 vix
928 3254 1016 3315 aliud
1025 3260 1169 3336 superest
1178 3250 1371 3331 exemplum.

374 3350 493 3410 Mansit
511 3362 617 3415 autem
637 3355 707 3417 viro
727 3355 858 3418 laudato
875 3354 970 3414 etlam
991 3362 1063 3436 post
1080 3352 1178 3411 funus
1195 3349 1307 3412 eadem
1325 3346 1374 3406 in·

291 3447 391 3531 signis
410 3449 494 3508 fama
514 3451 737 3533 eloquentiae:
760 3454 801 3515 ad
824 3474 921 3534 quam
935 3450 1140 3513 referendum
1157 3456 1226 3511 esso
1244 3446 1375 3508 videtur

293 3547 381 3631 quod
400 3548 586 3628 Menander,
604 3552 661 3633 qui
679 3553 747 3615 eius
767 3551 933 3614 historiam
955 3548 1175 3625 continuarit,
1204 3538 1374 3605 infantiam

293 3669 382 3709 suam
404 3656 468 3707 tam
486 3647 694 3713 vehementer
718 3658 857 3717 excusat.
906 3655 1019 3732 Itaque
1033 3668 1143 3729 quum,
1172 3640 1373 3706 renatissub

292 3746 503 3807 Basilidarum
532 3748 665 3831 imperio
692 3750 826 3827 litteris,
862 3749 999 3809 eandem
1030 3746 1160 3808 laudem
1185 3748 1374 3827 appeterent

293 3844 403 3927 pusilli
428 3834 557 3925 ingenii
571 3846 737 3928 homines,
765 3848 936 3930 Agathiam
957 3844 1148 3906 imitandum
1164 3842 1224 3905 sibi
1242 3838 1375 3922 'sumpsit

292 3945 358 4004 Leo
375 3940 550 4023 Diaconos,
572 3956 609 4009 ut
626 3948 738 4011 llasius
754 3970 784 4014 v.
804 3948 852 4009 ill.
871 3945 1043 4009 indicarit:
1073 3943 1126 4007 cui
1142 3940 1230 4027 quod
1246 3940 1375 4023 placue-

219 4126 221 4129 ,
281 4054 283 4059 ,
328 4072 374 4143 23)
389 4072 422 4125 V.
442 4080 600 4147 testimonia
621 4100 627 4130 ε
647 4078 785 4151 ὦρμῆθην
802 4076 946 4147 ἄρξασθαι
955 4073 1026 4148 μετὰ
1041 4072 1092 4141 τὴν
1107 4072 1266 4141 duodicem
1288 4068 1376 4153 Ἀχα-

362 4146 557 4274 pitppfflfiat)
573 4148 644 4209 urst.
661 4150 706 4202 111.
730 4170 752 4208 ι.
768 4168 795 4221 p.
822 4152 878 4204 es.
949 4149 993 4219 as)
1010 4148 1150 4218 epigr-72·
1222 4142 1268 4213 α6)
1288 4141 1379 4211 Busa
