3109 4950
488 321 772 386 HtsTORmRUM
802 323 854 408 tv.
886 323 934 392 τε.
1179 294 1264 406 239

180 467 337 558 ιάμέτητος
362 473 494 558 άφελεΐν
519 477 574 538 καί
599 481 664 550 τοῖς
686 475 929 558 ἐπιγιγνομένοις
952 471 1066 542 τὸτοῦ
1077 473 1402 560 ‘addemnatam
1432 471 1436 479 ¹

180 569 297 638 άτοπον
313 575 569 658 μετακοσμῆσαι,
597 567 680 636 riute
703 567 814 654 ἇμέλει
829 571 858 638 οἱ
882 569 1050 656 ἀθέμιστοι
1070 571 1125 638 καὶ
1141 575 1261 656 ἐναγεῖς
1270 565 1289 616 Ῑ·
1300 565 1319 616 Ῑ·
1331 567 1365 617 3⁰
1381 655 1382 665 η

89 717 94 721 ·
175 672 235 738 καὶ
246 672 472 752 ’κακοδαίμονες
487 672 542 736 καί
554 665 640 736 ἅπαν
651 664 729 735 ἄλλο
746 664 830 750 άξιοι
846 671 970 738 άκοάειν
988 667 1015 753 ιλ,
1033 696 1066 735 τι
1081 663 1119 736 άν
1137 694 1185 748 τις
1206 671 1296 734 ου’-Β

177 766 253 848 ἰοές
268 771 407 853 νεμεσῶν
432 769 639 851 άποκαλέσοι,
669 769 893 857 παρωσάμενοι
906 773 962 836 καί
978 769 1212 854 ἐμποιήσαντες
1226 767 1267 848 τά

156 869 268 940 ὅκοινά
285 872 348 936 τῶν
368 867 514 934 ἁπάντων
531 863 706 957 ἀνθρώπων
721 867 863 952 νόμιμα,
891 868 962 948 τούς
983 871 1129 957 πρέσβεις
1147 863 1267 956 ἀθρόον

178 973 383 1049 ἀπέκτειναν,
421 967 477 1032 καί
498 971 598 1032 ταῦτα
622 963 795 1051 Ἀψιλίους
814 993 848 1053 γε
872 961 964 1045 ὄντας
986 967 1188 1052 άμοιλιαίτους
1213 965 1269 1051 καί

177 1071 425 1155 άγχιτέρμονας,
447 1066 503 1131 καί
518 1059 563 1131 ὧν
577 1070 636 1148 μὲν
653 1065 825 1134 ἐπεκάλουν
840 1071 953 1146 ἐκεῖνοι
985 1067 1154 1150 Ῥωμαίοις
1166 1091 1200 1131 τε
1214 1065 1270 1131 καί

177 1167 351 1255 Σωτηρίχῳ
373 1163 533 1230 οὐπώποτε
553 1163 795 1261 μητειληχάτας,
827 1171 1011 1255 παραίνεσιν
1042 1169 1078 1232 di
1103 1165 1213 1253 φιλίαν
1235 1167 1267 1242 ἐς

176 1263 214 1328 τὰ
234 1276 380 1330 συνοῖσον
400 1260 537 1350 άγουσαν
555 1266 593 1329 ori
612 1261 669 1344 ’ξάν
679 1265 872 1352 χαλεπότητι
889 1263 1145 1352 άπαγγειλαντας.

140 1385 178 1426 το
263 1364 312 1441 ις’.
356 1360 466 1442 Οὕτως
483 1357 547 1451 άροι
565 1367 599 1429 ἐκ
620 1373 797 1451 παρανοίας
816 1365 851 1432 τὸ
871 1367 1021 1454 πρότερον
1055 1369 1110 1431 καί
1133 1367 1267 1430 άνοσίων

179 1461 280 1549 ἔργων
299 1458 478 1549 άρξάμενοι,
493 1467 556 1529 τῶν
572 1464 678 1530 αὐτῶν
697 1461 820 1548 εἴχοντο
837 1464 1007 1542 διαπαντὸς
1024 1463 1266 1551 ἐγχειρημάτων,

179 1555 204 1645 ἢ
223 1561 280 1625 καί
300 1566 404 1649 πολλῷ
422 1563 652 1650 άνοσιωτέρων.
677 1568 733 1629 καί
750 1562 809 1651 γάρ
830 1567 1024 1650 ἐγνωσμένον
1049 1560 1156 1640 αὐτοῖς
1175 1561 1218 1640 ὥς
1236 1560 1267 1626 οἱ

177 1663 309 1745 Πέρσαι
322 1655 467 1738 άπιόντες
484 1655 621 1750 ᾤχοντο,
647 1662 704 1728 καί
728 1660 809 1729 κατά
828 1662 864 1728 τά
886 1668 1084 1748 ξυγκείμενον
1104 1663 1160 1728 οὐκ
1187 1665 1265 1727 ἐπα-

175 1758 330 1839 μένουσιν
336 1811 346 1841 ,
368 1757 464 1843 άλλά,
479 1766 528 1850 Ιτῇ
548 1765 612 1826 τῶν
630 1763 732 1828 τόπων
752 1765 915 1853 δυσχωρία
931 1761 1129 1844 πεποιθότες,
1156 1766 1210 1828 καί
1224 1769 1269 1851 τῷ

102 1858 105 1862 ’
133 1850 290 1922 τὸὀῧποτε
309 1860 504 1944 δυνήσεσθαι
520 1859 596 1938 τούς
620 1862 804 1942 Ῥωμαίους
818 1861 1091 1949 παραμείψασθαί
1105 1885 1140 1926 τε
1165 1863 1290 1949 αὖτηνῦ

178 1957 501 2044 καίῦπερβαλέσέλαι,
530 1957 561 2024 οἱ
586 1962 621 2025 δὲ
644 1959 683 2024 τά
706 1957 861 2046 δεινότερα
885 1959 1037 2048 ἔδρασαν.
1065 1959 1133 2026 ἔστι
1155 1960 1213 2048 γάρ
1237 1988 1271 2028 τι

179 2046 255 2142 ὅρος
271 2063 524 2144 προβεβλημένον
542 2063 597 2144 τῆς
619 2061 745 2145 χώρας,
766 2057 845 2124 aiut
859 2062 920 2142 μὲν
937 2060 976 2124 uri
996 2059 1083 2142 λίιιιν,
1107 2056 1182 2124 οὐδὲ
1199 2063 1270 2126 ἐπι-

176 2159 259 2238 μέγα
279 2150 414 2241 ἠρμένον
422 2209 431 2239 ,
462 2151 590 2236 άνοιντες
613 2161 649 2222 δὲ
672 2155 799 2244 σφόδρα
825 2162 881 2224 καί
905 2149 1033 2245 ὄρθιον,
1064 2161 1120 2224 καί
1139 2157 1269 2245 πέτραις

127 2289 130 2292 ·
177 2248 350 2336 α’ποτάμοις
366 2253 561 2344 ἑκατέρωθεν
574 2260 829 2340 πεπυκνωμένον
853 2263 990 2343 βραχεῖα
1014 2259 1050 2322 δὲ
1069 2255 1142 2334 ὁδός
1161 2259 1195 2322 ἐν
1210 2259 1270 2339 μέ-

136 2377 222 2438 τοορι
241 2357 298 2418 καί
312 2353 442 2440 άτριβης
458 2348 688 2443 άποφαίνεται,
709 2361 764 2422 κατ’
784 2355 878 2422 ὁποία
900 2357 982 2441 μηδὲ
999 2351 1048 2421 ἔνι’
1067 2350 1160 2442 οἷνάρί
1179 2351 1270 2422 άιλεέ-

175 2479 287 2542 στερον
298 2459 498 2546 πορευομένῳ
513 2453 595 2543 βατὴ
609 2451 691 2523 εἶναι
706 2453 823 2547 ῥηιδίως
842 2457 898 2522 καί
914 2451 1127 2543 εάεπίιλρομος,
1149 2453 1193 2532 ὥς
1206 2453 1268 2540 εἴγε

246 2592 273 2627 n.
291 2561 446 2644 ἀθέμιστοι
465 2578 509 2640 R„
524 2577 664 2647 ἀθέμιτον
688 2579 761 2649 vulg.
863 2574 1047 2634 5.,έπάντων
1067 2594 1120 2628 om.
1139 2578 1169 2631 ii.
1237 2577 1264 2627 6.

246 2658 281 2713 γε
299 2653 361 2696 ante
375 2644 520 2714 Ἀψιλίους
537 2650 661 2718 ponitR.
771 2668 795 2719 7.
818 2646 977 2701 ἐπεκάλουν
1002 2650 1029 2698 lt
1059 2644 1267 2719 (Cl.)‚drrexu'·

245 2714 318 2767 ianr
332 2717 403 2786 vulg.
504 2738 529 2789 9.
549 2718 777 2788 ἀπαγγείλαντας
802 2720 886 2789 Lugd.
911 2738 934 2773 n.
949 2736 984 2770 m.
1007 2716 1088 2790 (et),
1122 2717 1265 2785 ἀπαγγεί-

232 2785 391 2843 'hasard
411 2795 440 2839 et
456 2789 528 2858 vulg.
588 2808 627 2843 το.
647 2791 679 2841 ἐκ
697 2794 851 2863 παροινίας
869 2792 940 2843 coni.
967 2789 1046 2846 Vulc.
1156 2790 1195 2843 15.
1215 2786 1266 2838 od·

246 2870 317 2907 ποτε
327 2858 355 2907 R.
373 2856 447 2978 dm),
465 2860 617 2911 οὐπώποτε
634 2862 717 2929 vulp
763 2864 801 2914 τ6.
814 2859 872 2931 γάρ
894 2880 921 2913 τι
931 2864 974 2925 tt,
994 2864 1042 2911 sut
1058 2878 1086 2912 τι
1096 2857 1191 2929 Lugd,
1209 2851 1266 2929 γάρ

247 2929 298 2976 καί
312 2944 339 2977 τι
357 2944 371 2978 e
392 2928 418 2981 d.
488 2948 530 2983 ar.
547 2925 614 2998 βατὴ
634 2930 710 2982 εἶναι
728 2929 754 3002 (λ.
769 2934 814 2995 lt,
834 2930 894 3004 ῥᾳδ.
913 2930 964 2985 εῖν.
981 2935 1005 3000 β.
1021 2932 1093 3001 vulg.

175 3046 338 3099 surditatem
361 3048 552 3111 emendarent,
579 3050 648 3119 qnin
670 3050 762 3117 potius
786 3050 884 3102 nefarii
913 3058 941 3101 et
972 3050 1121 3117 piaculares
1138 3047 1267 3099 fanatici·

175 3135 230 3187 que
256 3116 382 3171 homines
412 3127 442 3171 et
464 3119 580 3190 quodvis
600 3119 677 3170 alind
696 3122 862 3183 convitium,
886 3120 959 3189 quod
977 3120 1129 3188 indignatio
1149 3118 1266 3184 cuipiam

175 3198 312 3257 suggerat,
331 3190 426 3241 andire
442 3190 536 3259 digni,
564 3193 667 3241 reiecto
686 3192 898 3261 proculcatoque
916 3192 1051 3241 communi
1072 3188 1192 3239 omniurn
1212 3185 1265 3237 bo-

172 3260 278 3310 minum
297 3261 376 3323 inre,
401 3268 521 3312 oratores
539 3261 685 3312 confestim
702 3260 892 3323 trucidarunt,
917 3276 979 3311 curn
996 3268 1085 3311 tamen
1103 3258 1202 3327 Apsilii
1222 3274 1265 3308 es-

173 3337 250 3392 sent,
269 3329 392 3382 eiusdem
410 3345 471 3382 eum
489 3332 556 3400 ipsis
575 3331 696 3383 instituti
720 3340 749 3382 et
772 3331 953 3393 contermini,
980 3331 1082 3400 quique
1102 3345 1211 3389 eorum,
1230 3326 1264 3377 de

172 3400 275 3468 quibus
294 3402 336 3452 illi
356 3403 489 3454 Romanos
507 3404 611 3471 pariter
629 3410 658 3453 et
678 3400 848 3453 Sotericbum
867 3400 1078 3463 insimulabant,
1103 3400 1265 3467 neutiquam

173 3471 278 3521 conscii
296 3472 475 3541 participesve
493 3473 628 3535 fuissent,
652 3473 765 3523 amicam
782 3480 887 3523 tantum
907 3470 1120 3523 admonitionem
1139 3484 1263 3540 quaeque

174 3540 205 3589 in
223 3556 280 3589 rem
297 3542 417 3608 ipsorum
435 3544 528 3595 sutura
546 3552 627 3606 esset,
646 3545 713 3612 citra
728 3543 813 3593 ullam
830 3542 1006 3595 acerbitatem
1026 3541 1227 3595 denuntiantes.
1307 3594 1316 3607 ,

249 3612 289 3661 16.
324 3613 365 3664 Ita
382 3614 480 3683 utique
508 3615 650 3666 avesania
676 3614 758 3665 initio
792 3615 940 3685 impiisque
964 3614 1042 3664 sactis
1068 3610 1136 3673 ursi,
1164 3608 1261 3661 iisdem

171 3686 307 3747 perpetuo
326 3681 492 3733 facinoribus
505 3684 679 3743 insistebant,
697 3685 779 3736 immo
796 3702 860 3737 vero
876 3686 963 3736 multo
983 3685 1064 3735 etiam
1081 3680 1261 3732 sceleratiori-

172 3748 234 3799 bus.
254 3748 321 3798 Cum
340 3752 413 3802 enirn
430 3754 532 3805 scirent
550 3757 640 3807 Persas
659 3756 775 3817 abiisse,
798 3772 898 3825 neque,
921 3764 953 3805 ut
971 3758 1141 3814 convenerat,
1158 3751 1260 3803 anxilio

171 3826 322 3881 venturos,
341 3820 463 3873 locorum
481 3833 572 3877 tamen
591 3825 748 3877 difficultate
763 3826 846 3888 freti,
864 3833 894 3877 et
912 3822 985 3893 quod
1005 3829 1145 3892 sperarent
1161 3824 1261 3873 Rorna-

171 3907 223 3940 nos
240 3907 381 3959 nunquam
400 3909 459 3943 earn
479 3897 645 3946 transituros.
659 3904 688 3946 et
709 3903 891 3964 superaturos,
913 3894 1045 3945 atrociora
1062 3899 1259 3961 perpetrarunt.

171 3961 220 4011 Est
238 3963 311 4011 enim
327 3977 403 4012 mons
424 3960 536 4031 qnidam
553 3965 658 4033 regioni
676 3966 815 4029 obiectus,
842 3984 899 4017 non
924 3963 1035 4033 quidem
1053 3962 1199 4014 admodum
1219 3962 1260 4011 al-

171 4039 234 4092 tus,
251 4048 342 4101 neque
361 4032 442 4083 valde
462 4033 492 4082 in
510 4034 626 4085 sublime
646 4035 778 4096 tendens,
797 4036 906 4087 acclivis
917 4044 1006 4085 tamen
1024 4033 1199 4085 vehementer
1217 4040 1259 4081 at-

173 4117 226 4168 que
244 4102 342 4153 arduus
368 4111 397 4153 et
423 4105 575 4171 praeruptis
595 4104 681 4171 petris
699 4104 847 4175 utrobique
870 4104 976 4157 densus.
1013 4107 1044 4157 In
1063 4106 1155 4157 medio
1173 4118 1260 4169 angu-

174 4179 213 4220 sta
230 4174 362 4243 quaedam
384 4190 534 4243 parumque
552 4174 618 4223 trita
635 4175 683 4224 ria.
696 4192 724 4225 se
743 4174 873 4237 ostendit,
893 4192 962 4247 quae
983 4193 1017 4229 ue
1034 4192 1069 4227 ne
1081 4176 1129 4226 uni
1148 4170 1259 4241 quidem

172 4241 228 4292 siro
246 4243 385 4313 intrepide
404 4242 482 4297 eunti
500 4244 589 4296 facilis
608 4260 716 4296 accessu
737 4246 773 4297 rit
786 4254 814 4297 et
831 4248 931 4317 pervia,
946 4194 1014 4299 adeo
1034 4254 1066 4298 ut
1080 4246 1103 4297 ai
1121 4244 1181 4313 quis
1197 4256 1258 4293 ver-
