3109 4950
354 353 436 437 310
493 364 496 368 ’
789 367 997 434 AGlTfllllE

195 534 243 588 Ἀ·
256 534 284 584 ⁰·
301 531 427 598 558ἀλλί
444 533 480 596 εἰι
498 530 561 594 τῶν
582 523 746 610 ταγμάτων
769 525 914 604 ἐκείνων,
949 521 981 585 οἳ
998 522 1030 594 ἐς
1049 516 1084 583 τὸ
1105 518 1302 601 διημερεύειν
1327 539 1363 579 τε
1388 516 1442 578 καί

250 605 342 665 ω’
353 624 607 711 διανυκτερεύειν
636 626 671 689 ἐν
696 627 734 711 τῆ
757 622 838 709 αάλῆ
859 615 1076 705 ἀπεκέκριττο,
1109 611 1164 691 οὓς
1184 611 1221 700 dr)
1247 611 1440 698 σχολαρίους

301 771 304 780 -
353 729 574 793 ἀποκαλοῦσιν.
597 715 686 788 οὗτοι
700 725 737 786 δὲ
755 721 949 806 στρατιῶται
973 719 1032 798 μὲν
1047 709 1263 796 ὀνομάζονται,
1282 709 1339 776 καί
1352 712 1441 792 ε’γγε-

321 849 343 903 c
351 825 515 913 γράφαται
529 830 596 898 τοῖς
608 823 671 886 τάν
684 817 862 902 καταλόγων
875 813 1019 899 βιβλίοις·
1046 816 1108 878 εἰσί
1125 815 1160 877 δὲ
1177 809 1206 876 οἱ
1220 806 1332 874 πολλοὶ
1350 809 1440 872 ἀστι-

351 925 405 991 ιιοί
424 925 531 989 τεκαὶ
552 917 800 1007 φαιάροειμονες,
823 913 878 980 καί
895 915 1003 997 μόνον,
1026 907 1123 994 οἶμαι,
1146 901 1238 995 ὄγκου
1263 918 1323 978 τοῦ
1342 918 1456 997 βασι-5

351 1023 438 1091 λείου
463 1024 553 1087 ἕνεκα
578 1017 634 1084 καὶ
650 1022 706 1102 τῆς
725 1020 759 1081 ἀν
778 1024 848 1092 ταῖς
864 1011 1011 1100 προόάοις
1025 1014 1242 1093 μεγαλαυχίας
1266 1015 1441 1098 ἐξευρημέ-

351 1103 408 1188 νάι.
430 1118 485 1185 καί
500 1117 535 1184 τὸ
552 1121 611 1200 μὲν
628 1114 764 1182 παλαιὸν
782 1109 840 1178 οὖν
860 1105 974 1187 ἀλλους
984 1109 1072 1185 τινάς
1084 1111 1118 1174 ἒν
1132 1111 1238 1174 τοῖσδε
1250 1108 1383 1192 θεμιτὸν
1399 1105 1440 1194 ἦν

352 1220 624 1298 amoriensem,
661 1209 780 1300 ῆτοάς
807 1215 994 1296 αὐτουργεῖν
1017 1205 1057 1273 τὰ
1075 1209 1441 1294 πολέμιαῆσκημὲνους.

349 1317 405 1387 καί
424 1319 530 1381 τοίνυν
555 1314 631 1380 οὐδὲ
667 1310 818 1398 χρῆμοτά
849 1311 969 1393 εἰσῆγον
984 1310 1049 1393 ἀφ’
1081 1297 1106 1394 ᾧ
1135 1307 1438 1392 ἐνστρατεάσοισθπι,
1514 1276 1516 1358 λ

348 1413 429 1486 ἀλλά
452 1412 664 1499 χαριστηρίαν
683 1411 845 1496 διαφανῶς
869 1411 925 1472 ναί
941 1406 1074 1490 ἀζήμιον
1094 1406 1238 1486 ἐδέχοντο
1255 1402 1313 1490 τῆν
1329 1403 1472 1488 τιμῆν,ιο
1516 1366 1517 1440 λ

348 1511 405 1579 ἀπε
420 1511 458 1597 τλῆ
474 1506 556 1588 ἀξιοι
580 1514 616 1576 ἐκ
637 1513 701 1574 τάν
725 1508 1005 1593 προηγωνισμένιον
1024 1499 1275 1585 ἀναάειχθὲντες.
1322 1503 1439 1587 Ζῆνων
1518 1548 1519 1604 χ

349 1613 386 1679 δὲ
403 1609 552 1699 φαίνεται
571 1612 691 1694 πρῶτος
712 1606 729 1670 ὅ
747 1602 892 1690 Ἰσαυρος
913 1604 991 1700 μετὰ
1016 1603 1073 1689 τῆν
1100 1606 1154 1688 τῆς
1175 1604 1339 1685 βασιλείας
1362 1603 1440 1669 ἀνά-
1519 1638 1520 1694 χ

348 1732 454 1794 κτῆσιν
482 1704 617 1782 πολλοὺς
646 1707 707 1770 τοῖν
744 1701 915 1791 ὁμοφύλων
932 1705 1038 1776 τοῖσδε
1065 1711 1131 1779 τοῖς
1156 1701 1311 1788 τάγμασιν
1328 1703 1440 1788 ἐναρι-
1519 1703 1521 1768 l

349 1806 486 1892 θμῆσας,
506 1800 616 1890 ῆκιστα
630 1805 691 1883 μὲν
707 1805 743 1868 ἒν
759 1808 952 1884 συμπλοκαῖς
969 1797 1216 1889 ἀριστεύσαντας
1236 1794 1258 1884 ῆ
1275 1795 1358 1876 ὅλως
1383 1803 1440 1882 ε’μ-
1521 1820 1522 1894 l

315 1905 476 1988 Βπείρους
491 1903 719 1986 γεγενημένους,
740 1891 842 1979 ἀλλως
862 1904 899 1966 δέ
915 1927 980 1977 πως
996 1898 1173 1986 γνωρίμους
1192 1894 1350 1988 crispinus*
1367 1901 1474 1977 ξυν-τὸ

346 2004 446 2086 ῆθεις.
467 1994 536 2064 εἶτα
554 2001 702 2076 δοθέντος
718 2002 753 2064 ἐν
775 2001 820 2087 τῷ
839 1996 912 2070 τότε
934 2001 989 2064 καί
1013 2001 1263 2084 παρειλημμένου
1284 1998 1342 2064 τοῦ
1362 2000 1440 2073 ξεῖ-

345 2123 401 2176 ναι
417 2099 455 2164 osi
470 2097 567 2182 μόνον
584 2091 658 2161 ἀντὶ
683 2096 816 2182 μόχθων
838 2122 874 2162 τε
895 2100 950 2165 καὶ
973 2094 1101 2181 ἀγώνων
1125 2096 1180 2162 καί
1196 2099 1252 2182 τῆς
1265 2097 1300 2162 ἒν
1315 2095 1440 2178 μάχαις

347 2192 469 2284 ἀρετῆς,
490 2194 533 2272 ὥς
556 2198 592 2261 ἔν
613 2198 749 2280 ἀμοιβῆς
772 2196 878 2286 τρόπῳ
896 2195 950 2262 καί
968 2201 1065 2283 γέρως
1081 2199 1343 2280 ἐγκαταλέγεσθαι
1366 2193 1441 2270 τοὺς

347 2290 476 2376 ἀξίους,
514 2268 595 2358 ἀλλὰ
625 2294 681 2359 καί
705 2291 781 2371 τούς
809 2293 1004 2360 παντάπασιν
1030 2291 1203 2376 ἀπολέμως
1229 2297 1292 2359 τάν
1314 2291 1439 2373 ὁμοίων

349 2391 599 2478 μεταλαγχάνειν
629 2392 668 2458 cri
698 2390 774 2480 πρὸς
806 2395 915 2477 ἀξίαν,
953 2390 1033 2460 ἀλλά
1056 2391 1133 2482 πρὸς
1148 2395 1254 2480 χάριν·
1285 2394 1478 2466 tortum

351 2490 390 2577 τλῆ
408 2483 463 2557 osis
477 2491 588 2561 τούτου
604 2489 661 2577 τῆν
674 2492 713 2581 ἀρ
713 2491 786 2577 χῆν,
808 2494 970 2579 παρῆλθεν
989 2490 1113 2569 εἰκότως
1128 2494 1172 2568 εἰς
1187 2494 1283 2575 μέσον
1302 2494 1336 2570 ἔξ
1355 2492 1439 2554 ε’νεί-

423 2662 445 2696 r.
465 2644 516 2697 Pro
536 2640 569 2692 'oi
588 2642 616 2692 il.
630 2640 693 2693 τάν.
782 2660 808 2699 a.
825 2641 958 2715 ἀπενένρ.
975 2645 1020 2705 lt,
1040 2644 1125 2696 ἀποκ.
1150 2645 1219 2713 vulg.
1335 2629 1440 2706 abili..

421 2710 538 2781 disulg.
620 2710 644 2777 4.
664 2711 693 2763 οἱ
709 2728 762 2764 ουτ.
781 2714 811 2765 ll.
888 2714 913 2765 6.
930 2714 1136 2784 μεγαλαυχίαις
1153 2716 1181 2764 li.
1207 2722 1235 2766 et
1250 2711 1333 2781 bugd.
1358 2731 1380 2767 r.
1399 2729 1442 2763 m.

421 2798 446 2849 γ.
463 2780 519 2849 μὲν
540 2796 591 2831 orn.
609 2782 640 2833 ll.
747 2799 774 2854 9.
796 2779 935 2853 χρώματα
953 2786 985 2851 ll,
1050 2804 1090 2841 ra.
1111 2788 1247 2855 φαίνηται
1266 2781 1329 2839 edd.
1385 2783 1439 2835 Pro

419 2845 491 2932 μετὰ
515 2839 669 2902 Parnassi.

349 3003 457 3055 bellicis
472 3004 623 3065 exercitati,
633 3002 682 3055 sed
696 3018 730 3055 es
745 3003 800 3057 illis
814 3003 980 3074 legionibus,¹
989 3020 1059 3075 quae
1072 3004 1107 3055 sd
1120 3001 1173 3055 hoc
1191 3010 1254 3055 sunt
1268 3003 1435 3068 destinatae,

350 3082 383 3125 ut
397 3072 519 3125 interdiu
536 3083 565 3125 et
576 3082 659 3125 noctu
674 3076 704 3125 in
724 3076 787 3125 auia
800 3086 956 3141 versentur;
976 3092 1042 3144 quos
1057 3074 1202 3126 scholarios
1213 3074 1360 3142 appellunt.
1397 3074 1437 3127 lii

349 3160 413 3195 vero
431 3145 532 3196 milites
556 3144 668 3213 quidem
695 3152 841 3207 vocantur,
868 3153 895 3197 ct
919 3148 950 3196 in
968 3145 1089 3213 catalogo
1122 3143 1348 3211 stipendiatorum
1371 3160 1438 3194 eene

349 3222 458 3279 sentur3
482 3222 546 3264 sunt
563 3222 653 3265 autern
671 3215 796 3284 plerique
814 3232 907 3267 eorum
924 3214 1023 3267 urbani
1051 3223 1079 3266 et
1096 3213 1238 3282 splendide
1255 3213 1368 3273 restiti,
1386 3214 1440 3265 sed

349 3290 457 3335 tantum
475 3282 614 3352 augendae
641 3283 783 3353 dignitatis
809 3288 897 3355 regiae
922 3302 1002 3337 eausa
1021 3292 1050 3336 et
1068 3284 1297 3351 magnificentiae,
1321 3285 1438 3403 ppoties

370 3352 475 3403 rodiret
497 3354 527 3403 in
545 3353 695 3419 publicum.
737 3354 828 3424 Atque
853 3357 920 3409 olim
939 3354 1050 3424 quidem
1075 3370 1131 3405 uon
1160 3354 1227 3404 alios
1252 3369 1319 3423 quos
1358 3354 1437 3405 min

348 3370 427 3472 Eune
444 3422 569 3474 ordinem
587 3422 736 3476 adsciscere
758 3424 870 3499 licebat,
888 3442 970 3496 quam
988 3426 1035 3495 qui
1052 3422 1199 3474 tractandis
1217 3422 1298 3473 rebus
1323 3422 1438 3475 bellicis

351 3501 431 3548 erant
448 3494 605 3554 exercitati,
624 3494 742 3564 ideoque
759 3512 850 3565 neque
869 3496 1013 3564 pecuniam
1033 3495 1115 3545 ullam
1133 3492 1298 3560 pendebant,
1317 3500 1350 3543 ut
1367 3491 1437 3545 huic

350 3560 442 3612 ordini
466 3560 701 3625 adscriberentur,
734 3564 783 3616 sed
801 3566 882 3632 gratis
903 3566 969 3617 citra
986 3564 1058 3615 ullos
1083 3580 1144 3615 suos
1170 3571 1293 3630 sumptus
1311 3560 1366 3612 boc
1383 3562 1437 3614 ho·

349 3648 418 3682 nore
445 3630 630 3695 donabantur,
660 3641 755 3702 utpote
781 3634 857 3703 digni
885 3652 918 3685 ex
941 3636 1073 3687 anteactis
1098 3632 1264 3702 proeliorum
1289 3631 1438 3685 laboribus

314 3727 318 3734 1
349 3700 491 3753 declarati,
527 3702 597 3752 Zeno
615 3710 706 3754 autern
724 3705 830 3755 Isaurus
850 3703 956 3756 videtur
973 3704 1075 3771 primus
1093 3710 1155 3771 post
1172 3708 1361 3771 recuperatum
1378 3703 1432 3753 irn-

349 3772 456 3836 perinm
481 3772 582 3823 multos
600 3773 717 3824 tribules
734 3772 810 3824 hisee
828 3774 983 3843 legionibus
1002 3775 1182 3834 recensuisse,
1207 3788 1322 3842 quorum
1345 3772 1435 3823 virtus

347 3856 523 3909 nequaquam
541 3844 570 3893 in
588 3843 701 3910 proeliis
715 3844 872 3906 emicuerat,
890 3853 937 3895 aut
950 3844 1074 3913 alioquin
1095 3844 1266 3904 exercitatos,
1285 3840 1334 3893 sed
1349 3850 1434 3893 notos

348 3907 403 3958 sibi
430 3927 460 3960 ac
480 3912 633 3963 familiares.
664 3914 759 3964 Postea
777 3930 838 3964 cum
858 3930 890 3965 eo
918 3922 1041 3981 tempore
1059 3928 1215 3965 concessum
1237 3920 1376 3979 receptans
1398 3928 1434 3963 ue

349 3984 439 4039 esset,
458 3988 489 4029 nt
506 3999 562 4033 noa
581 3984 668 4033 solum
685 3999 734 4050 pro
753 3981 894 4033 laboribus
913 3991 941 4035 et
958 3983 1120 4036 fortitudine
1139 3984 1168 4033 iu
1186 3980 1358 4041 conflictibus
1378 3930 1433 4032 ἀε-

348 4047 466 4107 clarata,
483 4051 569 4101 veluti
587 4053 813 4121 compensationis
833 4061 860 4104 et
877 4053 990 4122 praemii
1007 4054 1088 4105 modo
1107 4060 1313 4109 recenserentur
1336 4049 1434 4119 digni,

290 4176 293 4180 ‚
348 4116 398 4168 sed
415 4123 442 4166 et
459 4117 517 4179 illi,
540 4122 588 4187 qui
606 4123 687 4188 piane
713 4121 793 4174 rudes
823 4131 904 4192 atque
930 4123 1083 4191 inexpertes
1101 4121 1170 4174 belli
1188 4128 1292 4181 essent,
1319 4137 1377 4173 non
1395 4138 1430 4173 ex

347 4188 457 4246 merito,
478 4186 526 4236 sed
544 4188 579 4237 ad
587 4193 712 4257 gratiam:
731 4191 791 4254 hoc,
813 4194 934 4275 inquam,
947 4193 998 4244 ubi
1017 4192 1096 4243 initio
1112 4207 1267 4243 concessum
1281 4190 1344 4252 fuit,
1361 4208 1430 4259 pro-

349 4255 404 4323 diit
422 4256 606 4323 verisimiliter
625 4261 724 4313 exinde
743 4263 771 4323 in
788 4263 909 4323 medium
926 4264 1009 4325 etiam
1021 4263 1168 4336 acceptatio
1186 4276 1337 4331 munerum,
1354 4277 1431 4335 quae
