3109 4950
301 324 380 425 164
733 403 737 413 .
760 344 969 413 scamus

146 516 175 572 t.
190 522 217 578 c.
236 507 547 591 554βεβουλευμένον·
573 504 628 567 καὶ
640 501 741 567 ruisse
759 500 910 587 priorsus,
939 499 1159 583 άνυμνεϊτοός
1174 504 1305 589 Πέρσας
1323 507 1379 569 καί

190 594 212 645 ¹·
222 592 240 644 ¹·
253 598 506 691 αδὑπεράγιιται,
525 600 648 665 aarum
663 600 748 685 ἡμᾶς
765 603 911 665 ἐντεῦθεν
931 598 1071 682 οἰόμενος
1087 597 1193 675 ἱκέτας
1207 599 1307 679 critic
1323 607 1378 667 sai

292 702 484 783 ἀὐτομόλους
506 703 655 784 γενέσθαι
678 702 741 764 τάν
768 695 865 785 φάσει
898 696 1149 779 πολεμιωτάτων.
1184 701 1264 783 πρὸς
1285 703 1375 764 τοῦτο

288 798 348 887 γάρ
370 796 496 865 άπασαν
510 796 577 881 ἔχει
597 794 654 881 την
674 794 849 883 α’ναφοράν,
871 797 993 862 ω’δόνων
1008 799 1144 881 ἐξαρχῆς
1159 797 1215 860 κατ’
1227 796 1376 882 μηχανά-

290 922 383 979 μενος
402 895 444 973 οἷς
468 892 507 961 άν
530 897 618 981 αὐτῷ
636 892 674 959 τά
691 899 925 979 μεμελετημένα
950 892 1029 981 πρός
1051 892 1141 980 ἔργον
1163 898 1293 980 ἐκβαίη,
1320 893 1393 965 καὶὸ

217 995 355 1068 Vereis
374 1000 415 1082 τῷ
432 993 624 1083 άνεξετάστιρ
641 997 841 1081 προτρέπων,
871 991 1003 1079 τὴντῆς
1022 996 1138 1078 βουλῆς
1159 990 1249 1070 τάξιν
1264 1002 1380 1077 συγχεῖ

291 1094 348 1160 καὶ
365 1096 530 1181 ταράττει,
562 1090 712 1179 καὶπρὸς
731 1089 765 1157 τό
792 1087 938 1177 ἀνόνητον
954 1091 1153 1176 μεταβάλλει.
1188 1092 1216 1179 ἦ
1229 1096 1290 1174 μὲν
1311 1088 1373 1178 γάρ

286 1192 486 1280 προτερεόειν
501 1191 614 1275 ἔλαχεν
630 1187 682 1255 ἀεὶ
697 1190 753 1255 καί
771 1192 935 1275 ἡγεῖσθαι,
955 1190 1095 1275 βάσανον
1111 1194 1285 1273 ἐμποιοῦσα
1308 1199 1373 1266 τοῖς

287 1287 374 1357 οὔπω
394 1291 569 1378 προδήλοις·
589 1288 682 1371 μόλις
702 1292 738 1355 δὲ
761 1293 820 1354 τοῦ
839 1293 997 1375 πρακτέου
1015 1291 1276 1373 διαγνωσθέντος,
1303 1290 1373 1355 τότε

254 1391 322 1477 cte*
340 1400 487 1478 παρεῖναι
506 1388 611 1477 χρεών
629 1387 664 1454 τό
683 1391 805 1457 ἐθέλειν
827 1398 936 1472 τυχεῖν
960 1388 1015 1453 καὶ
1033 1390 1185 1475 ἐφιέσάαι
1200 1393 1265 1455 τάν
1283 1389 1411 1476 αἶρε-το

283 1497 414 1557 θέντων.
435 1490 451 1555 ό
471 1494 505 1555 δὲ
530 1488 566 1553 τό
585 1494 684 1575 πέρας
710 1486 814 1575 ἀρχὴν
838 1492 1003 1573 πεπότηται
1010 1541 1020 1572 ,
1048 1485 1196 1571 ἐλόμενος
1214 1482 1276 1573 ἤδη
1296 1488 1370 1574 πρίν

284 1614 316 1654 τι
334 1592 445 1674 σαφῶς
461 1590 679 1672 διασκοπῆσαι,
707 1595 798 1652 ποῖον
815 1586 921 1652 τοίνυν
937 1582 974 1650 τό
991 1590 1027 1651 ἐκ
1044 1590 1103 1671 τῆς
1115 1590 1234 1671 βουλῆς
1252 1588 1371 1673 ὠφέλι-

283 1713 361 1771 μον,
388 1687 472 1773 εἴπερ
489 1688 545 1771 τῆς
561 1690 691 1772 κρίσεως
708 1688 742 1751 ἐν
761 1684 882 1773 ὖστέρηι
901 1688 1003 1773 παρῇς
1031 1686 1124 1767 ὑμεῖς
1140 1688 1193 1767 δὲ,
1213 1679 1371 1770 ω’άνάρες

225 1788 230 1797 ’
284 1786 426 1870 Κόλχοι,
453 1786 610 1869 μηόαμοῑς
631 1782 689 1860 τάς
708 1783 835 1869 γνάμας
855 1782 950 1873 ἑτέρῳ
966 1809 1009 1873 τρι
1029 1774 1287 1869 κατειλημμένοι,
1315 1788 1371 1850 καὶ

284 1882 361 1970 πρὸς
381 1888 415 1948 ἓν
429 1906 460 1948 τι
475 1887 562 1959 τέλος
578 1885 850 1970 προάιωρισμένον
870 1882 1024 1969 όρῶντες,
1047 1879 1149 1959 οὕτως
1168 1885 1223 1949 ἐπὶ
1236 1882 1295 1958 τάς
1314 1887 1407 1967 ζη-ιό

283 1983 389 2069 τήσεις
410 1992 554 2069 χωρεῖτε.
596 1987 664 2058 πῶς
680 1982 741 2069 γάρ
769 1982 825 2046 καί
845 1980 948 2048 ἔνεστι
970 1980 1069 2067 [τάς]
1090 1986 1153 2047 τῶν
1177 1980 1369 2069 πραγμάτων

283 2082 475 2165 μεταβάσεις
498 2080 666 2165 βιάζεσθαι
691 2080 746 2145 καὶ
764 2078 853 2166 πρός
881 2078 918 2146 τό
945 2081 1080 2166 άρέσιιον
1103 2083 1370 2162 μετασκευάζεινς

284 2182 465 2247 τούναντίον
483 2177 542 2265 γάρ
567 2182 688 2256 τούτοις
716 2182 852 2245 ἕπεσθαι
876 2179 1014 2261 κοσμίως
1033 2176 1200 2264 προσήκει,
1237 2182 1294 2245 καί
1312 2181 1368 2244 τόν

283 2276 432 2365 λογισμόν
448 2280 498 2343 ἐπ’
512 2276 595 2344 edroi
606 2283 754 2361 μεθιέναι
770 2274 911 2364 καθαρόν
929 2281 985 2343 κατ’
997 2278 1179 2360 αὐτόνομον,
1194 2273 1272 2343 ὥστε
1288 2275 1367 2343 κατά

253 2376 402 2465 Βοχολην
421 2376 460 2443 τά
475 2376 692 2466 προστυχόντα
711 2374 988 2465 διέυκρινὴσαντα,
1008 2379 1066 2443 τοῦ
1082 2379 1281 2453 συνοίσοντος
1294 2379 1409 2465 ips-20

353 2478 1365 2637 izsiliit'ttitfltt1g.⁰”¹·⁸·ilitttdti'antistitii

356 2626 394 2677 16.
406 2611 466 2690 γάρ
494 2623 543 2672 καὶ
559 2619 652 2674 ἔνεστι
672 2618 743 2691 [τας]
764 2621 821 2672 τάν
838 2619 1016 2691 πραγμάτων
1031 2621 1198 2691 μεταβάσεις
1217 2622 1367 2690 βιάζεσθαι

354 2694 403 2742 καὶ
421 2690 515 2743 addidi
534 2708 567 2742 ex
585 2692 612 2741 R.
631 2690 691 2760 (uhi
705 2686 755 2746 τάς
767 2690 946 2761 desideratur)
965 2699 994 2743 et
1011 2694 1094 2760 lntpr.
1113 2705 1229 2761 possunt
1247 2709 1365 2761 namque

355 2762 519 2830 nescioquo
536 2773 619 2830 pacto
640 2762 748 2812 violari
763 2779 855 2814 rerum
880 2773 996 2814 eventus
1020 2774 1048 2813 et
1070 2760 1111 2812 ad
1125 2764 1215 2814 animi
1230 2764 1365 2832 volupta-

354 2843 406 2882 tem
425 2828 545 2892 traduci,
564 2831 618 2880 nisi
635 2837 725 2882 tamen
742 2831 790 2883 hie
807 2848 857 2900 pro
873 2829 1052 2902 μεταβάσεις,
1066 2830 1224 2898 ἀποβάσεις
1245 2832 1363 2901 legebat,

355 2917 395 2952 το.
414 2896 449 2950 τά
459 2897 658 2968 προστυχόντα
673 2902 701 2951 ll.
711 2901 831 2970 Lugdet
844 2903 930 2969 Intpr.
949 2913 1038 2980 casus,
1055 2891 1089 2953 τά
1109 2899 1275 2972 προσχάντα
1291 2902 1363 2970 vulg.

277 2987 351 3039 'haec
374 2986 484 3050 dicens,
509 2987 598 3038 Persas
630 2988 706 3038 miris
732 2989 861 3040 laudibus
879 2988 1001 3050 extollit,
1025 2998 1217 3056 persuasurum
1234 3005 1263 3040 se
1280 2989 1362 3040 nobis

284 3058 335 3108 hac
352 3057 457 3109 ratione
476 3057 597 3119 credens,
614 3065 646 3109 ut
669 3060 805 3126 supplices
825 3060 1024 3178 splontaneique
1037 3061 1190 3128 transfugae
1204 3060 1297 3110 fiemus
1316 3061 1362 3123 iis,

275 3127 333 3198 'qui
349 3127 429 3178 nobis
447 3135 543 3178 natura
564 3135 627 3178 sunt
647 3129 816 3179 infestissimi
863 3137 942 3179 ostes.
993 3127 1063 3178 Nam
1091 3128 1126 3178 ad
1150 3128 1224 3180 hune
1248 3131 1363 3181 unicum

284 3213 395 3266 scopum
414 3197 551 3260 collimat,
576 3195 629 3248 hoc
652 3197 707 3248 iam
725 3199 759 3250 ab
780 3200 862 3250 initio
882 3200 1001 3266 parturit
1023 3207 1052 3250 et
1076 3200 1208 3261 enititur,
1233 3207 1265 3251 ut
1288 3215 1361 3268 quae

228 3281 234 3285 ·
284 3266 404 3319 studiose
425 3269 593 3336 procuravit,
612 3269 804 3336 perficiantur3
834 3275 862 3318 et
880 3269 1033 3319 inconsulte
1046 3269 1160 3320 suadens
1178 3270 1360 3320 consultatis·

276 3339 325 3388 'nis
345 3335 468 3386 ordinem
489 3337 633 3388 confundit
655 3355 685 3389 ac
705 3339 820 3401 turbat,
850 3339 1013 3408 inutilisque
1034 3346 1066 3390 ut
1090 3339 1127 3390 sit
1151 3338 1238 3390 efficis.
1284 3340 1360 3390 Con-

284 3407 396 3458 sultatio
417 3408 490 3456 enim
507 3420 613 3476 semper
630 3408 792 3476 praecedere
810 3409 967 3471 consuevit,
1001 3424 1117 3459 resnou
1135 3408 1217 3476 plane
1239 3409 1359 3460 manile·

282 3485 336 3530 stas
356 3476 548 3528 examinationi
572 3477 727 3529 subiiciens.
757 3478 809 3530 Ubi
827 3494 890 3529 vero
908 3477 1018 3530 tandem
1037 3476 1105 3547 quid
1127 3479 1200 3529 facta
1225 3479 1263 3530 sit
1279 3495 1358 3547 opus,

282 3557 323 3599 est
340 3548 541 3616 percognitum,
566 3555 624 3598 tum
640 3563 704 3598 sane
717 3563 827 3598 necesse
845 3556 887 3599 est
903 3555 935 3598 ut
951 3546 1022 3599 adsit
1042 3548 1168 3599 voluntas
1190 3555 1219 3600 et
1244 3548 1358 3600 deside-

280 3619 350 3668 rium
368 3615 552 3686 consequendi
572 3633 613 3678 ea,
654 3632 705 3666 uae
719 3626 783 3668 sunt
798 3619 900 3686 placita
912 3625 994 3688 stqrre
1013 3616 1129 3669 decreta.
1149 3619 1200 3669 llic
1216 3625 1307 3669 sutem
1322 3635 1358 3670 ex

279 3687 333 3736 fine
350 3687 517 3756 principium
534 3686 615 3748 facit,
634 3634 783 3736 decernens
798 3690 866 3748 iam,
884 3689 1041 3757 prinsquam
1052 3687 1158 3757 aliquid
1169 3688 1355 3756 perpenderit

279 3755 409 3822 Quisnam
428 3759 512 3825 igitur
531 3755 614 3808 fuerit
627 3757 834 3808 consultationis
846 3759 963 3820 fruetus,
989 3758 1011 3808 si
1029 3757 1133 3808 indicio
1146 3766 1189 3809 est
1201 3759 1357 3826 posterior?

276 3825 331 3878 Vos
350 3834 446 3888 autem,
467 3843 483 3878 ο
498 3824 603 3888 Colchi,
621 3827 717 3876 animis
736 3826 812 3877 nullo
824 3827 991 3894 praeiudicio
1002 3829 1154 3896 occupatis,
1169 3834 1198 3879 et
1223 3825 1258 3878 ad
1269 3845 1356 3880 unum

275 3896 394 3966 aliquem
419 3895 610 3966 praestitutum
634 3894 716 3946 finem
741 3913 789 3947 vos
814 3895 980 3965 dirigentes,
1012 3899 1052 3948 ita
1077 3897 1111 3948 ad
1139 3898 1354 3949 consultationes

274 3963 405 4017 accedite.
457 3965 514 4033 Qui
533 3967 605 4016 enim
632 3971 746 4032 possunt
764 3983 854 4016 rernm
874 3966 1076 4018 vicissitudines
1093 3969 1122 4018 vi
1146 3968 1245 4018 arcessi
1267 3968 1354 4020 etad

273 4035 357 4086 animi
371 4035 537 4084 voluntatem
555 4033 678 4086 traduci?
696 4035 867 4087 Contrarium
887 4037 959 4086 enim
977 4035 1020 4088 his
1036 4036 1161 4088 ordinem
1173 4039 1251 4106 sequi
1266 4054 1354 4105 opor-

271 4111 326 4169 tet,
359 4103 582 4172 intellectumque
599 4121 696 4172 purum
713 4123 743 4157 ac
760 4106 877 4156 liberum
897 4107 994 4176 suique
1015 4108 1082 4159 iuris
1098 4106 1219 4170 adferre,
1249 4114 1282 4157 ut
1305 4123 1352 4158 re-

270 4173 321 4226 bus
354 4179 477 4224 accurate
509 4175 668 4244 perpensis,
702 4176 774 4246 quod
804 4177 1033 4228 consultissimum
1060 4176 1231 4248 maximeque
1256 4193 1290 4227 ex
1321 4193 1350 4227 re

191 4259 198 4263 ·
270 4253 324 4309 est,
345 4258 529 4318 exsequamur.
573 4243 618 4296 Sic
634 4243 726 4318 ltaque
744 4245 960 4300 consultantibus
985 4246 1067 4331 nobip
1090 4247 1181 4299 statim
1206 4245 1352 4318 apparebit
