3109 4950
607 307 843 374 staminio,
1238 308 1267 392 9

192 459 321 549 πατρός,
342 458 525 541 Menstrua
541 457 577 523 tt
594 456 716 544 πατὴρ,
734 461 829 540 τέχνη
849 457 886 522 dl
903 456 943 522 τοὶ
965 455 1131 538 Ῥωμαίων
1149 455 1302 538 νόμιμαῐ)
1381 507 1384 512 .

190 561 247 626 καὶ
261 557 290 625 οἱ
303 563 366 626 τῦν
383 554 593 642 tumultur
610 555 737 639 οἷγῦνες.
757 554 910 641 Μόριναν
927 557 964 620 δέ
981 579 1064 640 φημι
1081 550 1118 620 οῦ
1134 553 1169 620 τὸ
1182 556 1268 644 Θρᾴ·

189 682 255 725 κιον
275 656 433 739 πόλισμα,
454 654 532 719 οῦδὲ
552 649 587 720 εἴ
600 678 649 730 τις
668 649 759 740 ἑτέρα
778 650 859 718 κατὰ
878 650 936 737 τὴν
948 647 1105 738 Εῦροόπιγν
1125 650 1224 736 τυχόν
1244 648 1268 738 ἢ
1277 718 1280 725 Α

187 754 318 841 Λιβῦην
336 757 414 842 τῷδε
431 754 575 836 κέκληται
590 755 635 840 τρῦ
650 748 801 834 όνόματι,
822 746 903 816 ἄλλό
918 747 975 835 τήν
993 753 1028 815 ἐν
1043 753 1083 837 τῇ
1099 751 1193 844 Ἀσόρι
1207 749 1268 816 πό-

167 861 244 928 5λαι
263 851 326 918 ῦπό
344 853 489 919 Αἰολέων
517 849 754 938 ἀπῳκισμένην,
782 846 871 937 duod
887 849 946 925 τοὶς
964 847 1095 932 ἐκβολὰς
1115 853 1172 915 τοῦ
1192 855 1268 915 Πυ-

186 955 283 1018 θικοῦ
299 951 448 1032 ποταμοῦ,
470 943 504 1024 ῦς
522 945 562 1032 δὴ
578 946 659 1033 ῥέων
674 949 709 1012 εἰι
724 950 851 1023 Λυδίας
867 949 923 1038 τῆς
936 945 1048 1033 χώρας
1058 948 1092 1024 ἐς
1103 944 1159 1011 τόν
1172 945 1268 1030 ἔσχα-

186 1073 240 1116 τον
261 1043 390 1116 αόλῦνα
415 1049 473 1112 τοῦ
495 1043 612 1117 κόλπον
632 1049 690 1110 τοῦ
715 1040 857 1112 Ἐλαῦιον
884 1044 1043 1127 ἐμβάλλει.
1062 1048 1183 1128 γένοιτο
1205 1047 1326 1127 μὲνΡ·6

185 1141 245 1214 οῦν
264 1150 340 1230 ε’μοί
351 1171 387 1230 γε
401 1141 577 1211 τελεοότατα
595 1145 670 1231 τῇδε
689 1152 821 1230 τροφεῖα
838 1143 883 1221 ιῦς
897 1137 963 1210 οἷόν
985 1167 1020 1208 τε
1034 1143 1190 1224 όποτιῦαι,
1209 1143 1266 1210 καὶ

186 1242 310 1312 ἅπαντα
328 1244 369 1310 τῦ
391 1241 497 1310 κλεινοὶ
524 1241 578 1310 καὶ
592 1241 707 1328 πότρια
725 1241 802 1329 ἔργα
822 1245 856 1320 ἐς
874 1241 912 1308 τό
929 1237 1056 1330 οἷκριβὲς
1071 1240 1266 1328 ἀναγράψαι.

147 1349 243 1414 ιονῦν
259 1346 295 1409 δὲ
310 1341 330 1430 ἦ
347 1345 407 1428 μὲν
423 1340 552 1428 εῦμενῆς
570 1342 626 1408 καί
642 1345 729 1418 ἵλαος
745 1341 803 1432 aot}
816 1346 872 1428 τῆς
889 1343 1074 1429 προθυμίας
1087 1337 1171 1427 ἡμᾶς
1185 1335 1266 1404 ῦπα-

185 1445 342 1527 όεχόσθαι.
362 1440 435 1522 ἐμοὶ
455 1443 491 1506 δὲ
510 1441 564 1508 ἕπτ’
589 1438 629 1508 τό
649 1437 736 1506 κοινό
759 1439 816 1506 κατ’
833 1443 968 1524 μέγιστα
987 1441 1048 1506 νῦν
1071 1437 1265 1522 πραγμάτων

185 1545 280 1608 ἰτέον.
300 1540 481 1625 Ποιήσομαι
502 1542 538 1606 δὲ
552 1531 618 1624 τῆν’
628 1537 827 1626 ξυγγραφῆν,
848 1540 910 1622 οῦχ
928 1531 1008 1626 ᾗπερ
1024 1537 1080 1604 καὶ
1095 1535 1214 1621 ἑτέροις
1228 1541 1264 1604 όν

184 1640 227 1725 τῷ
237 1636 373 1724 ’παρόντι
388 1635 561 1722 πεποίηται.
583 1630 644 1722 ἤδη
659 1637 719 1722 γάρ
737 1657 808 1706 ποτ’
822 1635 878 1702 κατ’
891 1630 981 1702 ἄλλοι
1002 1633 1043 1702 τό
1059 1638 1117 1701 νῦν
1137 1637 1171 1712 ἐς
1189 1632 1291 1701 τόδεΒ

183 1737 278 1802 πόνου
304 1730 475 1822 όφίκοντο,
497 1735 648 1822 ἀληθείας
677 1737 752 1817 μὲν,
773 1735 818 1813 ιός
840 1733 880 1802 τό
902 1733 1002 1801 πολλοὶ
1008 1784 1018 1817 ,
1038 1729 1153 1819 ἥκιστα
1164 1736 1261 1815 μέλον

145 1836 289 1910 statum
305 1836 360 1898 καί
370 1835 431 1898 τοῦ
448 1831 488 1898 τό
505 1838 689 1919 γεγενημένα
703 1832 748 1910 ιός
759 1831 870 1916 ἔχουσι
883 1832 981 1918 τῦχης
995 1834 1161 1912 διεξιέναι,
1175 1827 1261 1896 οῦτοι

185 1933 221 1996 δὲ
239 1933 400 2018 διαφανῶς
418 1933 594 1997 κολακεύειν
608 1930 741 2008 πολλοῦς
758 1935 821 1997 νῦν
837 1933 981 1998 όανατῦν
998 1933 1054 1996 καί
1073 1927 1262 1996 munust-

182 2053 229 2094 ειν
243 2025 386 2109 ἑλόμενοι
395 2079 406 2110 ,
425 2028 468 2106 ὥς
484 2027 586 2096 εἴποτε
602 2023 667 2117 ἄρα
682 2029 738 2095 καὶ
751 2025 857 2115 ἀληθῆ
875 2028 1027 2118 φήσαιεν,
1047 2023 1262 2098 ἀπιστεῖσθαι.

180 2127 282 2192 καίτοι
307 2125 448 2215 όγκαμῦρ
474 2124 559 2215 μόνῳ
586 2127 750 2214 προσήκειν
776 2127 807 2192 οἱ
839 2131 944 2194 ταῦτα
975 2129 1078 2192 ῦεινοό
1096 2149 1197 2212 φασι,
1217 2124 1259 2189 τοὶ

179 2221 333 2317 προσόντα
361 2223 479 2314 ὁτῳοῦν
495 2225 601 2310 ἀγαθὰ
619 2224 697 2292 κατὰ
715 2224 751 2294 τό
766 2231 887 2308 μᾶλλον
909 2224 1062 2311 ἑξαιρειν·
1083 2223 1205 2310 ἱστορία
1223 2225 1259 2288 δὲ

138 2325 316 2392 αοέπαινεϊν
333 2327 393 2404 μὲν
413 2328 468 2389 κατ’
482 2321 539 2410 ἥδε
555 2324 629 2402 τοῦς
648 2319 686 2391 εῦ
703 2349 735 2390 τι
753 2325 929 2412 δράσαντας
945 2324 983 2389 οῦ
1008 2323 1143 2404 πάμπαν
1165 2322 1284 2387 εἶναι’-0

175 2445 281 2505 νεται,
302 2417 340 2487 οῦ
356 2420 419 2509 μὴν
432 2423 524 2491 τοῦτό
544 2447 578 2509 γε
592 2423 709 2491 σκοπόν
726 2421 815 2507 οἶμαι
830 2422 885 2489 καὶ
898 2423 1062 2511 γνιόριομα
1077 2419 1164 2505 ἔχειν
1180 2423 1253 2485 ἐθέ-

174 2526 240 2587 λει·
260 2522 330 2587 a’tt’
342 2520 376 2585 εἴ
395 2546 456 2589 που
481 2522 584 2609 ἡτῦν
608 2526 751 2609 πράξειαν
772 2518 948 2609 αἶπεργασόα
971 2520 1100 2586 ἔπαινον
1123 2512 1253 2603 ἢψόγον
1329 2599 1331 2602 Ι

174 2620 291 2705 ε’πόγοι,
313 2620 350 2684 οῦ
365 2619 534 2705 βιάζεσθαι
549 2621 650 2709 αότὴν
669 2626 772 2706 θέμις,
794 2618 869 2707 οῦδὲ
880 2618 1131 2704 μεταποικιῦλειν
1145 2616 1185 2686 τό
1201 2641 1254 2700 γε-

246 2757 268 2797 ι.
286 2734 318 2790 δὲ
335 2747 396 2806 post
413 2743 505 2811 Μεμν.
524 2738 619 2797 addidi
638 2759 672 2793 ex
689 2744 719 2793 R.
769 2760 794 2799 a.
816 2740 973 2811 Μῦῤῥινακ
990 2738 1106 2809 (ubique
1122 2754 1184 2789 enm
1201 2736 1251 2808 ρρ)

243 2810 290 2871 Β,
308 2808 425 2897 Μύρινα
442 2812 512 2881 vulg.
569 2814 609 2866 15.
625 2812 711 2899 τῦχρς
732 2813 897 2933 ειραπρίεατ
917 2828 931 2863 a
950 2827 1018 2861 eorr.
1036 2810 1066 2859 R
1119 2812 1162 2864 23.
1181 2806 1250 2861 ἐπό-

242 2893 294 2947 γοι
309 2880 354 2942 Β,
370 2881 472 2951 ἐπαγει
487 2882 558 2953 vulg.
627 2880 716 2948 αὐτην
731 2882 779 2945 Ν.,
797 2900 816 2933 α
836 2900 867 2953 εγ
884 2882 971 2950 vulg„
987 2876 1074 2945 αῦτρε
1090 2880 1120 2931 R

172 2998 195 3051 si
227 3014 281 3069 qua
306 2998 360 3049 alia
387 3015 437 3067 per
460 2999 593 3069 Europam
616 3008 664 3053 aut
686 2998 805 3057 Africam
829 2999 883 3052 hoo
906 2998 1018 3055 nomine
1043 3003 1171 3057 vooatur3
1200 2993 1249 3045 red
1275 2995 1281 3005 “

170 3084 240 3137 qnae
258 3076 300 3119 est
318 3064 348 3120 in
365 3069 445 3132 Asia,
460 3079 582 3125 veterum
600 3072 776 3129 Aeoleusium
793 3070 916 3132 colonia,
933 3068 967 3120 ad
986 3066 1055 3120 ostia
1073 3064 1178 3131 Pythici
1195 3065 1248 3114 flu-

170 3138 250 3189 minis
269 3138 336 3204 sita;
355 3140 403 3209 qui
422 3139 532 3209 quidem
544 3142 641 3195 fluvius
657 3158 690 3193 ex
702 3141 788 3207 Lydia
804 3141 913 3209 regione
929 3139 1029 3200 fluens,
1050 3136 1079 3186 in
1098 3145 1248 3189 extremum

169 3206 292 3259 Elaffidil
307 3210 381 3265 ⁸5¹¹!st
393 3207 497 3267 alveum
512 3212 608 3268 fertur.
644 3211 686 3267 Sit
698 3212 792 3293 itaque
805 3210 882 3271 mihi,
899 3206 1056 3277 plenissima
1068 3203 1141 3266 huic,
1157 3200 1247 3276 quoad

171 3277 228 3329 eius
245 3278 304 3337 fieri
322 3286 422 3345 potest,
442 3280 631 3335 nutricationis
651 3297 769 3348 praemia
784 3280 946 3347 persolvere,
966 3276 1110 3343 omniaque
1127 3273 1244 3325 illustria

170 3352 199 3397 et
214 3349 300 3415 patria
324 3348 396 3401 lacta
413 3358 534 3403 accurate
552 3350 737 3414 conscribere;
761 3368 835 3401 nunc
852 3366 915 3401 vero
933 3346 1000 3401 haec
1017 3346 1135 3412 benigne
1155 3352 1183 3395 et
1198 3342 1241 3392 sa-

169 3425 263 3469 veuter
283 3434 447 3487 propensum
464 3420 584 3475 animum
607 3419 780 3489 studiumque
797 3436 887 3470 meum
904 3419 1027 3484 accipiat.
1061 3414 1132 3467 Mihi
1151 3420 1242 3463 autem

166 3485 337 3554 publicarum
348 3490 578 3561 maximarumque
594 3506 683 3547 rerum
699 3490 810 3557 scriptio
823 3496 864 3539 est
877 3485 1062 3557 aggredienda.
1096 3486 1240 3535 instituam

165 3570 229 3608 vero
247 3557 405 3622 historiam,
430 3577 486 3612 non
512 3568 543 3611 ut
559 3561 593 3612 ab
622 3562 682 3615 aliis
700 3558 784 3613 hodie
803 3560 956 3621 factitatur,
974 3556 1049 3628 (sunt
1065 3557 1139 3611 enim
1157 3552 1240 3609 etiarn

165 3626 214 3677 alii
229 3625 284 3677 hae
300 3635 461 3697 tempestate
479 3631 527 3699 qui
545 3632 574 3681 in
594 3630 689 3683 eadem
710 3647 790 3682 arena
808 3627 969 3698 versuumn)
986 3645 1052 3688 non,
1069 3626 1190 3692 inquam,
1208 3630 1240 3678 ut

164 3695 201 3759 fis
221 3696 323 3766 quibus
340 3701 454 3750 minima
472 3707 513 3752 est
529 3702 649 3757 veritatis
668 3718 747 3764 eura,
759 3709 850 3771 vutque
868 3716 911 3752 res
928 3707 1014 3767 gestas
1029 3698 1068 3753 ita
1083 3701 1114 3744 ut
1130 3690 1238 3743 aecide-

164 3774 227 3819 runt
245 3776 473 3823 commemorent:
493 3770 561 3823 adeo
578 3788 641 3824 τοτα
661 3780 751 3838 aperte
771 3771 909 3840 plerisque
917 3766 1074 3837 proceribus
1092 3761 1237 3819 adulantur

163 3840 191 3886 el
205 3837 320 3905 palpum
338 3838 505 3903 obtrudunt,
525 3849 572 3904 ut,
593 3842 615 3891 si
636 3840 744 3910 quaudo
764 3842 845 3891 etiam
861 3856 924 3891 vera
942 3838 1046 3897 dicant,
1063 3833 1129 3885 fides
1144 3842 1237 3891 tamen
1333 3842 1338 3851 ·

163 3906 200 3957 eis
217 3907 373 3975 abrogetur.
409 3908 494 3979 Atqui
510 3911 594 3979 periti
611 3908 708 3963 hurum
724 3928 814 3961 rerum
828 3918 951 3964 auctores
969 3906 1021 3957 soli
1040 3905 1162 3964 encomio
1182 3904 1239 3961 sive

161 3975 314 4029 laudationi
331 3980 475 4035 convenire
493 3982 587 4042 aiunt,
603 3980 685 4043 hona,
723 3980 803 4031 uibus
822 3980 939 4049 quisque
949 3974 1088 4046 praeditus
1102 3981 1158 4035 est,
1178 3990 1240 4023 ver-

161 4044 202 4101 bit
227 4064 391 4119 exaggerare
418 4056 500 4121 atque
530 4050 668 4103 extollere.
703 3998 860 4103 dlisooriam
883 4063 965 4108 vero,
990 4045 1099 4101 tametsi
1122 4060 1157 4096 ne
1180 4042 1240 4109 ipsa

162 4117 272 4189 quidem
301 4136 317 4169 a
340 4117 500 4172 laudatione
521 4136 628 4181 eorum,
655 4119 703 4187 qui
720 4119 853 4187 praeclari
868 4115 974 4185 aliquid
992 4122 1145 4187 gesserunt,
1160 4129 1240 4181 pror-

162 4201 202 4243 tua
224 4186 373 4255 abhorret,
404 4189 478 4250 huno
502 4198 593 4249 tauro
618 4206 729 4263 scopum
756 4196 997 4267 argumentumque
1021 4186 1075 4246 tibi
1092 4182 1241 4263 praefixuu
