3109 4950
333 326 428 453 378'
773 347 983 415 sessuris

180 527 209 579 l.
220 528 250 581 c.
264 524 315 583 555
326 501 442 584 αύτούς
455 496 527 572 odra
539 502 721 571 παντάπασι
735 500 868 585 ψιλούς,
889 490 963 567 ories
979 504 1040 584 μὲν
1057 489 1112 564 σόν
1131 498 1263 573 όπλίτας
1277 501 1332 563 καί
1352 500 1410 583 ἅγ-

227 598 275 651 Η
287 604 497 689 29χιμάχους.
518 600 688 691 πόρ’ῥαθέν
703 624 737 667 τε
756 598 817 696 γάρ
836 595 920 665 ούτοο
944 598 1046 683 τυχόν
1072 592 1285 679 α’κοντίζουσι,
1306 596 1363 662 καί
1375 599 1411 662 ἐκ

299 718 320 771 Β
325 702 433 791 χειρός
455 697 500 769 αὖ
514 700 736 786 διαμάχονται,
756 695 875 784 άγαθοί
885 701 920 765 δέ
933 702 988 765 καί
998 699 1155 785 συρράξαι
1167 698 1305 785 φάλαγγι
1317 702 1411 761 πολε-

325 802 393 893 μίη,
413 801 467 867 καί
480 802 612 890 ω’θισμηῑ
629 799 789 886 χρεόμενοι
806 798 865 874 τάς
881 798 1054 872 πυκνώσεις
1070 795 1307 882 διαρρηγνύναι,
1328 793 1362 871 ἐς
1375 820 1412 859 τε

326 900 363 967 τό
383 900 625 983 μετατάξασθαι
646 896 802 979 εύπετεῑς,
830 900 885 963 καί
903 894 1105 983 ἁρμοσθῆναι
1130 892 1430 984 τηῖπροσττεσόντιό

327 999 422 1065 adrat
437 1003 473 1064 δὲ
490 999 545 1063 καί
559 1001 591 1074 ἐς
607 996 647 1062 τά
665 996 820 1082 προσάντη
830 995 975 1082 γεώλοφα
992 992 1110 1084 ῥηιδίως
1123 996 1316 1075 άναθέοντες,
1330 1017 1411 1080 προ-

327 1094 610 1184 καταλαμβάνουσι
638 1093 678 1159 τοὶ
699 1092 868 1181 ὑπερδέξια
901 1096 965 1159 τῶν
985 1093 1135 1178 χωρίων,
1159 1090 1350 1177 τρεπόμενοί
1374 1115 1410 1154 τε

328 1191 475 1263 ὠκύτατα
496 1190 719 1280 διαφεύγουσι,
748 1194 804 1258 καί
823 1192 964 1268 ἐπιόντες
994 1188 1114 1277 ἑτέροις
1139 1192 1356 1274 ἐμμελέστατα
1375 1193 1411 1265 ἐς

301 1370 303 1375 ,
327 1292 383 1379 τήν
404 1293 510 1369 δίωξιν
532 1290 701 1376 ἐγκεινται,
728 1290 784 1356 καί
808 1289 922 1374 σχεδόν
949 1316 981 1355 τι
1005 1287 1133 1356 άπασαν
1157 1293 1246 1355 ἰδέαν
1271 1290 1409 1369 πολέμου

327 1396 483 1477 μετιόντες
498 1390 553 1455 καί
569 1394 789 1476 ἐξησκημένοι,
809 1392 942 1474 μέγιστα
960 1381 1100 1455 σίνονται
1116 1386 1189 1463 τούς
1206 1384 1449 1461 α’ντιπάλουςιο

330 1488 373 1567 ὥς
398 1494 434 1559 δὲ
457 1480 655 1555 ἐπιπλεῖστον
682 1494 889 1572 ’ξυμπολεμεῖν
913 1499 978 1564 τοῖς
1005 1492 1150 1573 Πέρσαις
1175 1485 1328 1551 εἰώθασιν
1335 1538 1346 1567 ,
1372 1480 1410 1548 ού
1491 1503 1494 1508 ·

330 1589 393 1676 μήν
418 1585 662 1675 ἠναγκασμένοι,
690 1583 796 1674 ιύσττερ
822 1585 986 1672 κατήκοοι.
1015 1583 1192 1668 αύτόνομοί
1208 1612 1243 1650 τε
1268 1588 1328 1671 γάρ
1352 1586 1414 1649 εἰσι

330 1692 386 1753 καί
402 1687 565 1773 ἐλεύθεροι
575 1738 585 1767 ,
605 1686 661 1750 καί
673 1680 809 1770 ἄγεσθαι
828 1684 893 1751 όπό
908 1712 964 1750 του
983 1683 1063 1773 πρός
1081 1688 1153 1769 βίας
1173 1680 1210 1750 ού
1227 1680 1412 1770 πεφυκότες.

304 1792 326 1845 C
415 1784 458 1870 ιή.
504 1786 630 1851 Τούτων
655 1774 766 1870 δήούν
791 1790 855 1851 τιόν
876 1782 1069 1867 Λιλιμυιτῶν
1096 1779 1334 1865 ὅάποδασμός,
1355 1806 1411 1845 νυ-

252 1886 325 1959 V·57
337 1883 409 1960 κτός
427 1883 631 1969 ἐπελθούσης,
652 1882 728 1949 κατά
745 1887 808 1950 τῶν
826 1884 988 1969 Σαβείρων
1006 1881 1159 1969 ἐχώρουν,
1180 1877 1308 1965 ἄμεινον
1330 1876 1450 1946 cisami

331 1985 462 2063 δοκοῦν,
483 1980 529 2047 ἔτι
548 1980 758 2048 καθεύδουσιν
774 1984 883 2061 αύτοῖς
909 1984 1093 2066 ἐπιστῆναι,
1116 1977 1199 2045 orirer
1221 2004 1257 2045 τε
1274 1974 1417 2063 ἅπαντας

330 2079 538 2168 εύκολοότερον
548 2092 752 2147 κατακτεῖναι·
774 2081 837 2164 καί,
859 2078 957 2163 οἶμαι,
976 2077 1033 2145 ούκ
1049 2075 1088 2146 dv
1102 2079 1275 2165 διήμαρτον
1286 2081 1342 2164 τῆς
1361 2080 1413 2142 ἐλ-

330 2181 436 2261 πίδος,
455 2181 487 2244 εἰ
509 2178 553 2265 μή
571 2206 617 2257 τις
641 2175 758 2255 αύτούς
784 2179 901 2267 ἔσφηλε
921 2178 1017 2263 τύχη.
1035 2176 1134 2254 ἰόντες
1156 2178 1217 2266 γάρ
1243 2176 1349 2262 δήπου
1379 2178 1413 2251 ἐς

331 2280 433 2361 τούτο,
454 2274 533 2366 οἷνήρ
554 2305 602 2356 τις
619 2275 726 2356 αύτοῖς
740 2280 867 2363 Κόλχος
879 2267 914 2345 ἐν
929 2277 1106 2367 σκότιρκαί
1124 2280 1248 2366 ἐρημίρι,
1268 2269 1331 2365 ᾧδέ
1345 2301 1414 2351 πως

332 2380 535 2461 ξυνενεχθὲν,
565 2378 766 2457 ὑπαντιάζει·
795 2380 851 2445 καί
872 2376 927 2443 τόν
957 2380 1175 2460 ἀσμενέστατα
1199 2373 1452 2458 ξυλλαβόντες,οο

334 2470 546 2561 ἀναγκάζουσι
572 2481 631 2561 τῆς
647 2478 702 2543 ἐπί
720 2476 795 2553 τούς
813 2480 987 2562 Σαβείρους
1009 2475 1157 2560 ἡγεῖσθαι
1175 2475 1311 2562 πορείας.
1339 2473 1358 2537 ὅ
1379 2476 1415 2538 δὲ

332 2574 560 2662 προθυμότατα
577 2573 716 2650 ὑποστάς
735 2573 770 2640 τό
784 2575 956 2659 ἐπίταγμα,
977 2577 1032 2640 καί
1051 2567 1113 2660 ήδη
1134 2569 1414 2662 προπορευόμενος,

406 2712 429 2749 ι.
447 2694 496 2744 Pro
514 2693 568 2762 μὲν
589 2689 641 2744 οὖν
658 2695 686 2745 R.
705 2691 805 2762 μόνον.
868 2697 893 2746 3.
911 2689 948 2747 ἂν
964 2689 1164 2764 διαμάχωνται
1182 2695 1211 2744 ll.
1264 2693 1289 2744 8.
1307 2689 1415 2761 ἑτέροις

399 2763 526 2826 surrexi,
543 2761 640 2833 ἑτέρας
657 2766 695 2826 R,
714 2762 815 2833 ἑτέρας
831 2765 900 2835 vulg.
998 2783 1023 2834 φ
1043 2761 1123 2815 ἰδέαν
1140 2763 1266 2833 πολέμου
1285 2765 1332 2825 R„
1350 2761 1414 2812 πολ.

382 2851 386 2856 ·
404 2830 441 2884 λδ.
459 2833 505 2883 vul
523 2871 530 2886 .
622 2851 660 2884 rr.
678 2832 716 2890 ὥς
734 2825 767 2898 δή
785 2834 841 2888 Par.
908 2852 947 2906 ιγ.
971 2831 1160 2906 εὐκολώτερον
1176 2835 1217 2898 ll,
1235 2835 1320 2904 Intpr.
1331 2831 1417 2904 saci-

405 2902 470 2967 lius,
489 2851 665 2955 sdxotdww
682 2904 752 2974 vulg.
1162 2910 1164 2915 '

336 3019 381 3056 rae
397 3021 474 3069 esse,
491 3022 581 3076 neque
601 3022 709 3073 prorsus
728 3008 873 3076 gravioris,
891 3016 920 3061 et
940 3011 1064 3062 statarios
1087 3009 1203 3074 milites3
1221 3022 1284 3058 nam
1301 3011 1330 3056 et
1345 3004 1417 3056 emi-

338 3091 399 3138 nus,
415 3076 438 3126 si
454 3077 493 3126 ita
514 3093 556 3127 res
570 3077 699 3145 postulet,
721 3079 776 3129 tela
800 3079 919 3142 iaciunt,
942 3088 971 3131 et
990 3082 1112 3132 cominus
1134 3095 1215 3130 mauu
1231 3093 1287 3128 rem
1305 3081 1417 3144 gerunt,

338 3147 479 3198 exercitati
500 3148 581 3198 etism
605 3146 638 3197 sd
663 3149 763 3199 inlesta
785 3150 842 3200 acie
870 3151 1082 3216 proeliandum,
1107 3165 1265 3219 summaque
1285 3148 1312 3197 vi
1332 3145 1417 3195 densa

338 3217 444 3285 agmina
456 3217 702 3286 perrumpendum,
721 3219 842 3286 expediti
859 3237 968 3292 quoque
987 3229 1016 3272 et
1036 3220 1130 3270 faciles
1151 3221 1181 3270 in
1203 3216 1332 3269 mutanda
1348 3212 1421 3265 aciei

337 3286 439 3348 forma,
459 3287 536 3338 etad
552 3290 673 3358 quemvis
695 3297 822 3341 eventum
844 3307 902 3342 sese
922 3290 1157 3354 accommodandi;
1177 3288 1257 3338 facile
1275 3287 1357 3336 etiam
1373 3302 1417 3334 sr-

339 3354 407 3406 duos
426 3357 508 3408 colles
527 3376 605 3409 cursu
623 3367 796 3428 superantes,
813 3359 930 3412 editiora
947 3362 1007 3412 loca
1026 3366 1241 3428 praeoccupant,
1259 3357 1416 3408 celerrime-

339 3441 394 3494 que
416 3444 476 3477 cum
501 3445 567 3496 opus
600 3437 642 3480 est
660 3430 813 3496 refugiunt,
832 3448 978 3502 rursusque
996 3432 1115 3499 conyersi
1132 3429 1261 3480 acerrime
1276 3427 1416 3477 insectan-

338 3503 384 3546 tur
399 3505 480 3567 atque
503 3505 611 3566 urgent,
629 3509 711 3569 atque
732 3501 760 3550 in
787 3501 861 3551 omni
887 3502 944 3552 fere
967 3501 1035 3552 belli
1055 3501 1144 3566 specie
1165 3498 1262 3550 versati
1283 3495 1417 3548 exercita-

339 3567 494 3650 tissimique
517 3569 671 3634 gravissime
692 3570 784 3621 hostes
801 3570 934 3636 laedunt,
957 3567 1116 3620 iamdudum
1135 3571 1209 3620 enim
1230 3567 1303 3619 bello
1324 3582 1418 3616 essue·

340 3643 418 3700 runt,
441 3635 601 3704 iampridem
624 3639 673 3689 sub
694 3639 779 3690 Persis
800 3641 971 3703 militantes,
995 3640 1056 3691 non*
1073 3647 1163 3690 tamen
1182 3640 1269 3696 eoacti
1287 3646 1418 3706 tanquam

339 3705 452 3759 subditi.
488 3706 581 3758 Liberi
598 3707 671 3758 enim
685 3718 749 3760 sunt
763 3709 860 3778 suique
878 3711 961 3775 iuris,
986 3710 1123 3780 nequead
1142 3710 1257 3761 alieuius
1274 3706 1419 3759 arbitrium

339 3789 389 3842 per
407 3779 462 3829 vim
481 3777 551 3830 trahi
567 3786 772 3831 consueverunt.

413 3849 451 3898 18.
488 3848 589 3900 Horum
611 3848 704 3918 itaque
734 3847 937 3900 Dilimnitarum
965 3851 1056 3917 portio
1087 3849 1244 3920 quaedam,
1275 3862 1338 3899 cum
1365 3844 1420 3895 iarn

341 3928 396 3962 nox
414 3925 498 3980 esset,
521 3920 551 3968 in
566 3917 677 3970 Sabiros
698 3917 764 3982 ivit,
790 3921 939 3980 consultius
963 3921 1036 3970 enim
1059 3920 1125 3988 ipsis
1146 3920 1300 3980 videbatur,
1323 3915 1347 3966 si
1373 3931 1419 3967 eos

342 3981 432 4035 adhue
462 3986 626 4040 dormientes
647 3989 823 4051 invaderent,
853 3998 936 4060 atque
969 3991 1009 4041 ita
1022 3990 1152 4042 facillime
1178 4006 1272 4042 omnes
1299 3984 1442 4038 trucida·'

341 4057 423 4117 τεοῖς
449 4073 554 4125 neque,
574 4062 682 4126 opinor,
710 4059 833 4111 frustrati
858 4061 975 4111 fuissent
1005 4078 1052 4121 sua
1076 4077 1142 4129 spe,
1167 4062 1222 4111 nisi
1243 4055 1378 4130 quaedam
1395 4054 1422 4103 i·

341 4137 404 4192 psos
419 4123 528 4176 fortuna
545 4127 696 4180 fefellisset.
731 4129 798 4180 Nam
822 4130 888 4198 ipsis
903 4130 937 4181 ad
952 4124 1007 4181 hoc
1023 4130 1151 4182 euntibus
1175 4131 1217 4181 vir
1234 4127 1346 4200 quidam
1357 4123 1424 4177 Coi·

342 4192 408 4245 ehu't
431 4194 460 4245 in
486 4197 605 4248 tenebris
629 4207 657 4251 et
681 4199 830 4251 solitudine
852 4201 921 4252 forte
944 4201 1053 4252 fortuna
1077 4202 1109 4250 fit
1130 4199 1249 4262 obvius,
1294 4212 1356 4247 uem
1377 4193 1424 4245 ilii

343 4263 436 4319 statim
462 4263 617 4322 avidissime
645 4269 865 4340 apprehensum,
896 4279 928 4324 ut
950 4271 1057 4324 itineris
1082 4268 1117 4322 ad
1140 4267 1250 4322 Sabiros
1274 4217 1370 4321 ducem
1392 4279 1423 4317 se
