3109 4950
296 316 343 371 ιο
717 308 950 375 AGATfflAR.

290 464 450 547 γενημόνα.
470 456 499 523 oi
526 461 566 523 rs
584 457 724 544 ἱστορίαν
746 461 806 540 μὲν
832 462 993 523 nutrimine
1019 456 1204 542 ὁμολογοῦσι
1215 509 1224 538 ,
1245 459 1310 520 κατ’.
1328 455 1364 519 τό

255 564 343 649 Dii?
363 562 537 645 ἐπιγραφῆς
556 553 736 640 ἐπάγγελμα
750 561 841 622 τοῦτο
862 553 969 634 αὐτοῖς
991 558 1177 644 ὑποφαίνει,
1197 552 1364 642 πεφώρακ-

289 684 342 723 ται
360 660 395 722 δὲ
409 652 492 739 ὅμως
505 660 542 743 τῇ
562 656 657 743 πείρᾳ
676 656 907 739 κομψευόμενοι
925 654 983 740 τήν
999 656 1191 738 ἐπαινυμιόιν.
1209 651 1285 729 τοῦς
1304 655 1365 734 μὲν

223 806 225 811 -
288 756 349 842 γὰρ
369 755 415 821 ἔτι
439 755 619 839 περιόντας,
641 753 703 817 εἴτε
729 760 869 837 βασιλεῖς
883 751 961 836 εἶεν,
982 752 1045 819 εἴτε
1060 753 1117 819 καί
1134 748 1236 829 ἄλλοις
1257 756 1366 835 ε’πίση-

288 880 361 937 μοι,
384 851 421 919 οῦ
446 854 540 937 μόνον
564 854 602 939 τῇ
620 851 777 939 ἀφηγήσει
801 855 864 918 τῦν
884 856 1129 939 ἐξεργασμένον
1155 853 1385 935 &sapidior-5

457 946 580 971 itt!

289 978 356 1035 σιν,
379 948 415 1038 (ἧ
425 978 487 1037 γαρ
508 976 546 1016 ον
564 952 653 1034 ολίγα
672 952 853 1036 ἡμάρτανον
859 954 884 1039 ,)
901 950 1030 1043 Ιἔνδηλοι
1047 955 1084 1017 <ld
1103 948 1201 1017 ἅπασι
1213 950 1366 1033 γίνονται,

231 1062 258 1119 P.
270 1049 343 1122 ‘liin
362 1051 400 1137 δή
421 1047 530 1125 αὐτοῖς
545 1046 637 1133 οῦδὲν
656 1075 687 1113 τι
708 1044 784 1115 ῦλλο
801 1049 1062 1134 διεσπούδασται,
1081 1044 1213 1135 ἢμόνον
1230 1052 1368 1113 ἐπαινεῖν

288 1176 323 1216 τε
343 1149 397 1213 καί
418 1143 560 1232 ἄγασθαι
579 1146 635 1210 καί
650 1155 732 1233 πέρα
756 1152 815 1213 τοῦ
831 1149 1026 1232 ἀναγκαίου·
1044 1146 1116 1225 τοῦς
1133 1152 1168 1212 δὲ
1181 1142 1241 1233 ήδη
1255 1152 1369 1229 τεθνηε

289 1248 396 1329 κότος,
419 1246 529 1311 όποῖοί
547 1270 628 1322 τινες
643 1245 697 1310 καί
711 1236 883 1331 ἒτόγχανον
904 1239 989 1324 ῦντες
998 1299 1009 1330 ,
1028 1243 1050 1333 ἢ
1068 1249 1231 1321 κακίστους
1249 1241 1369 1309 οἷποκα-
1450 1283 1452 1288 -

289 1347 378 1410 λοῦσι
396 1342 503 1409 καὶτὰ
521 1342 607 1409 κοινὰ
627 1339 880 1429 λυμηναμένους,
900 1338 922 1429 ἢ
931 1396 941 1425 ,
961 1343 998 1409 τό
1016 1349 1093 1429 γοῦν
1105 1343 1231 1410 ἔλαττον
1248 1341 1411 1424 δεινὸν,ιο

290 1445 554 1527 κατολιγωροῦσιν
578 1443 701 1525 ariscio,
724 1443 766 1519 ιός
790 1446 883 1527 μηδὲ·
897 1441 1020 1527 μνήμης
1045 1442 1129 1518 τινός
1153 1438 1369 1524 μεταδιδόναι.
1435 1448 1438 1453 ’

290 1539 391 1630 ταύτῃ
416 1566 450 1606 τε
474 1539 594 1605 οἴονται
617 1540 658 1604 τοὶ
675 1540 821 1628 Δπαρόντα
841 1536 881 1607 οῦ
894 1544 1019 1606 τιθέναι
1037 1542 1096 1607 καί·
1107 1539 1145 1610 τό,
1167 1539 1220 1605 ἀεί
1235 1541 1369 1626 κρατοῦν

260 1652 280 1701 Β
295 1639 555 1725 ἐκθεραπεύοντες
571 1639 727 1724 ὠφέλειαν
742 1643 834 1727 σφίσι
850 1642 1046 1725 ποριζεσθαι,
1063 1642 1164 1714 κακῶς
1174 1641 1373 1719 ἐπιστάμενοι

289 1738 334 1813 οός
351 1740 405 1801 καί
421 1733 539 1811 αῦτοῦς
562 1737 663 1828 δήπου
681 1735 756 1815 τοῦς
768 1736 845 1823 πρὸς
862 1733 969 1802 αῦτιῦν
985 1739 1229 1818 ἐπαινουμένους
1248 1738 1287 1800 οῦ
1304 1735 1374 1817 μό-

289 1845 329 1901 λα
353 1837 393 1899 τό
424 1834 531 1900 τοιάδε
562 1836 687 1921 ἀρέσκει
695 1888 705 1918 ,
733 1839 967 1921 λογιζομένους,
988 1834 1032 1911 οῦς
1057 1830 1116 1917 οῦχ
1143 1832 1251 1900 ἱκανόν
1282 1833 1413 1901 &brosii

288 1933 323 1998 τό
349 1938 403 2018 τῆς
428 1936 591 2009 κολακείας
616 1935 765 2019 ἀρίδηλον
805 1932 862 2019 τήν
890 1934 965 2019 περὶ
999 1928 1105 2004 αῦτοῖν
1141 1931 1235 2011 δόξαν
1266 1937 1376 2014 dedat-⁴

291 2036 383 2097 ὦσαι.
405 2022 491 2096 οῦτοι
507 2035 568 2113 μὲν
586 2026 644 2097 οῦν
670 2032 926 2119 ξυγγραφόντων,
947 2029 990 2110 ὥς
1008 2060 1052 2117 πη
1080 2033 1171 2119 ‹prior›
1194 2032 1377 2107 αὐτοῖςκαὶ

291 2135 487 2215 εἰθισμένον,
508 2132 582 2212 ε’μοί
596 2134 632 2195 δὲ
648 2130 683 2197 τό
703 2133 914 2219 ἀληθίζεσθαι
933 2132 1007 2219 περί
1025 2134 1171 2195 πλείστου
1201 2126 1323 2211 ἑκτέον,
1344 2133 1377 2206 ἐς

266 2228 328 2314 ct,
348 2258 382 2295 τι
393 2231 544 2317 χωρήσει.
563 2228 764 2315 μεμνήσομαι
779 2236 815 2297 δὲ
830 2236 894 2297 τῶν
910 2228 968 2297 ὅσα
979 2229 1066 2315 παρό
1085 2255 1120 2293 τε
1131 2231 1306 2311 Ῥωμαίοις
1320 2228 1376 2295 καί
1463 2262 1466 2265 ·
1505 2259 1509 2265 ·

291 2327 536 2415 τῶνβαρβάρων
555 2340 618 2405 τοϊς
630 2332 786 2405 πλείστοις
803 2333 836 2406 ἐς
853 2330 924 2395 τόδε
943 2331 1000 2395 τοῦ
1017 2332 1128 2413 καιροῦ
1142 2328 1291 2413 ἐπράχθη
1310 2329 1418 2404 dit-ao

363 2451 386 2487 a.
400 2433 576 2502 ὑποφαίνειν
592 2436 620 2484 R.
672 2437 701 2486 .6.
715 2432 757 2484 ἔτι
769 2432 851 2494 δῆλον
865 2435 894 2484 ll.
948 2436 972 2488 8.
986 2432 1060 2501 πέρα
1076 2433 1105 2483 ll.
1123 2431 1216 2498 bugd,
1230 2430 1302 2502 ιλπὲρ
1315 2430 1376 2484 edd,

365 2523 404 2556 ιο.
414 2500 445 2554 τό
463 2506 537 2570 γοῦν
550 2506 588 2565 R.‚
601 2503 662 2571 τόγ’
677 2497 729 2554 οὖν
745 2502 840 2571 bugd,
852 2501 921 2570 τόγε
939 2496 992 2555 οὖν
1002 2501 1064 2558 edd.
1120 2520 1158 2570 ¹7·
1168 2501 1379 2571 ξυγγράψαντες

363 2571 458 2641 ὥσπερ
480 2574 508 2621 R.
591 2575 629 2624 18.
648 2573 713 2640 ἐμοὶ
729 2569 762 2622 δέ
777 2602 813 2612 -
826 2573 959 2640 χωρήσει.
996 2571 1075 2622 Hunc
1092 2571 1184 2640 locum
1202 2581 1230 2624 et
1250 2573 1377 2636 mutilum

365 2651 393 2692 et
411 2649 567 2709 corruptum
588 2659 645 2700 esse
664 2641 790 2694 arbitror.
826 2642 903 2693 Nihil
921 2642 982 2710 opis
1005 2645 1083 2692 affert
1101 2643 1147 2703 lt,
1166 2643 1222 2693 imo
1244 2643 1380 2710 corrupti*-

364 2729 429 2762 ora:
459 2712 555 2763 ἑκτέον
581 2711 641 2782 (sic)
667 2706 698 2761 εὖ
718 2709 762 2762 ότι
779 2729 807 2779 χ,
841 2712 913 2764 Num
933 2714 1000 2781 περί
1017 2712 1153 2762 πλείστου
1170 2714 1321 2776 ποιητέον,
1348 2705 1380 2761 rt

365 2779 456 2830 aiddu
472 2778 613 2851 ότι..(.)..
624 2779 770 2852 χαιρήσει.9
795 2782 966 2852 Legebantur
984 2783 1050 2834 olim
1066 2783 1197 2850 quaedam
1214 2785 1244 2834 in
1262 2782 1381 2851 margine

366 2851 394 2902 R.
413 2851 514 2902 litteris
534 2851 671 2920 quadratis
694 2852 813 2920 scripta,
832 2869 903 2922 quae
923 2870 998 2906 uunc
1016 2870 1091 2904 erasa
1108 2859 1179 2903 sunt

297 2943 397 2997 habere
410 2945 484 2995 nolle
500 2945 634 2996 existimo.
673 2945 727 2996 Sed
738 2947 826 2998 sicubi
839 2948 971 2999 factorum
985 2951 1094 2998 effectus
1106 2946 1216 2998 laudem
1234 2953 1282 2998 aut
1296 2946 1382 2997 dede·

298 3031 343 3064 eus
360 3015 505 3077 conciliat,
524 3015 579 3064 vim
593 3016 681 3067 facere
699 3015 829 3068 historiae
842 3019 994 3079 nonlicet,
1013 3034 1102 3087 neque
1121 3034 1163 3067 res
1176 3017 1245 3085 ipsas
1267 3017 1383 3084 palliare

296 3085 443 3154 fucareque
466 3091 580 3153 oportet.
619 3085 654 3135 Hi
675 3103 739 3139 vero
762 3087 906 3138 historiam
935 3088 1046 3158 quidem
1065 3086 1182 3137 scribere
1200 3104 1231 3137 se
1248 3088 1382 3154 profiten-

296 3162 356 3218 tur,
380 3155 510 3226 titulique
538 3157 681 3224 promissio
707 3155 759 3208 hoc
784 3175 849 3225 prae
874 3175 903 3208 se
930 3159 1000 3223 fert3
1024 3157 1193 3226 experientia
1217 3166 1307 3208 tamen
1324 3159 1383 3224 ipsa

296 3223 427 3276 historiae
447 3227 660 3294 appellationem
680 3225 802 3278 fucantes
821 3226 1070 3297 deprehenduntnr.
1102 3227 1158 3276 ¹Eos
1175 3228 1249 3276 enim
1268 3227 1317 3295 qui
1333 3225 1383 3275 ad-

297 3293 352 3344 huc
378 3295 407 3344 irr
429 3297 497 3346 vivis
524 3304 604 3360 sunt,
632 3298 688 3348 sive
715 3315 790 3366 reges
817 3299 872 3350 sive
897 3299 1002 3366 alioqui
1021 3299 1092 3347 viros
1110 3296 1246 3358 illustres,
1264 3313 1320 3347 non
1339 3312 1384 3346 so-

298 3363 356 3414 lum
382 3368 636 3434 commemoratione
661 3383 749 3418 rerum
775 3377 908 3436 gestarum
930 3367 1065 3428 laudant,
1092 3367 1121 3415 iu
1165 3383 1199 3415 uo
1225 3381 1281 3414 non
1301 3365 1383 3416 nimis

298 3443 461 3503 peccarent:
481 3435 528 3486 sed
541 3437 666 3488 omnibus
684 3439 858 3504 conspicuum
873 3437 992 3498 faciunt,
1010 3434 1083 3486 nihil
1093 3381 1169 3484 οὶὶιιῦ
1183 3437 1256 3501 ipsos
1276 3451 1384 3504 operam

301 3505 425 3566 dedisse,
451 3521 531 3573 quam
555 3514 587 3556 ut
612 3507 692 3557 laude
720 3507 953 3574 admirationeque
972 3523 1040 3577 quos
1056 3505 1152 3554 volunt
1168 3514 1384 3574 prosequantur,

300 3576 372 3627 ultra
387 3591 467 3644 quam
480 3591 528 3642 par
543 3583 598 3640 est3
619 3593 664 3626 eos
679 3591 742 3628 vero
756 3577 804 3645 qui
819 3577 873 3626 iam
887 3593 906 3626 ‘e
926 3577 994 3626 vivis
1012 3584 1199 3638 excesserunt,
1220 3575 1384 3644 qualescun-

303 3662 357 3714 que
384 3645 508 3706 fueruut,
533 3651 580 3694 aut
602 3647 732 3714 pessimos
755 3654 854 3696 vocant
875 3654 904 3696 ct
923 3644 1200 3714 rerumpublicarum
1217 3655 1386 3709 vastatores3

302 3723 363 3776 aut,
382 3713 468 3784 (quod
490 3715 531 3764 uti
553 3731 587 3765 uc
609 3717 698 3766 minus
723 3731 801 3784 grave
818 3713 870 3783 est)
888 3714 928 3765 ita
946 3732 991 3766 eos
1010 3723 1204 3779 contemnunt,
1224 3723 1256 3765 ut
1274 3731 1308 3766 ne
1327 3731 1386 3764 me·

303 3784 390 3833 moria
406 3785 517 3854 quidem
526 3733 583 3835 riila
600 3783 751 3853 dignentur.
788 3786 878 3854 Atque
899 3785 937 3834 ita
953 3802 1011 3836 sese
1029 3803 1086 3836 rem
1102 3794 1270 3854 praesentem
1284 3785 1387 3853 optime

305 3870 410 3904 curasse
429 3856 598 3918 existimant,
616 3871 776 3926 semperque
794 3855 995 3924 potentioribus
1011 3865 1178 3908 assentantes
1197 3857 1309 3924 privatis
1329 3855 1392 3906 suis

306 3922 451 3974 commodis
470 3927 653 3990 consuluisse;
671 3928 807 3977 nonsatis
826 3925 1019 3993 intelligentes,
1037 3927 1161 3996 quodne
1182 3927 1248 3995 ipsis
1268 3923 1388 3996 quidem,

306 4007 374 4062 quos
389 3993 516 4046 laudibus
529 3998 697 4059 extulerunt,
708 3995 775 4046 haec·
792 3997 858 4048 talia
877 3995 1021 4048 admodum
1039 3998 1180 4066 placeant3
1198 3994 1389 4065 reputantibus
1437 4059 1441 4066 Ι

307 4062 420 4125 scilicet,
429 4065 597 4118 manifestam
610 4067 720 4118 illorum
734 4066 917 4120 adulationem
930 4082 1025 4134 parum
1039 4069 1144 4119 firmum
1158 4081 1216 4116 esse
1229 4066 1329 4135 gloriae
1338 4080 1389 4114 ex·
1462 4067 1465 4073 '

307 4133 666 4205 istimationisqueipsorum
677 4137 902 4190 stabilimentum.
940 4138 1164 4207 Scribantitaqne
1179 4135 1209 4186 hi
1224 4153 1274 4203 pro
1291 4151 1339 4186 sua
1352 4133 1389 4184 li·

309 4201 404 4258 hidiae
430 4212 458 4256 et
480 4219 568 4270 morr3
583 4205 658 4260 mibi
682 4208 765 4260 fixum
785 4210 1002 4271 saeveritatem,
1023 4205 1115 4278 quoad
1130 4207 1190 4258 eius
1206 4205 1267 4259 fieri
1284 4205 1387 4274 possit,
